  <div class='ocr_page' id='page_1' title='image "/cluster/home/n/w/nwhite01/storage/ocr_20150623/68/hvd.32044015469331/472.png"; bbox 0 0 3974 6450; ppageno 0'>
   <div class='ocr_carea' id='block_1_1' title="bbox 163 376 252 438">
    <p class='ocr_par' dir='ltr' id='par_1_1' title="bbox 163 376 252 438">
     <span class='ocr_line' id='line_1_1' title="bbox 163 376 252 438; baseline -0.011 0"><span class='ocrx_word' id='word_1_1' title='bbox 163 376 252 438; x_wconf 76' lang='lat'><strong>933</strong></span> 
     </span>
    </p>
   </div>
   <div class='ocr_carea' id='block_1_2' title="bbox 1148 362 2402 440">
    <p class='ocr_par' dir='ltr' id='par_1_2' title="bbox 1148 362 2402 440">
     <span class='ocr_line' id='line_1_2' title="bbox 1148 362 2402 440; baseline -0.011 -10"><span class='ocrx_word' id='word_1_2' title='bbox 1148 369 1592 434; x_wconf 74' lang='lat' dir='ltr'><strong>COMMENTAR.</strong></span> <span class='ocrx_word' id='word_1_3' title='bbox 1635 367 1698 428; x_wconf 80' lang='lat' dir='ltr'><strong>IN</strong></span> <span class='ocrx_word' id='word_1_4' title='bbox 1738 363 2124 440; x_wconf 73' lang='lat' dir='ltr'><strong>APOCALYP.</strong></span> <span class='ocrx_word' id='word_1_5' title='bbox 2167 365 2298 438; x_wconf 60' lang='lat' dir='ltr'><strong>nm,</strong></span> <span class='ocrx_word' id='word_1_6' title='bbox 2339 362 2402 428; x_wconf 81' lang='lat' dir='ltr'><strong>v.</strong></span> 
     </span>
    </p>
   </div>
   <div class='ocr_carea' id='block_1_3' title="bbox 3304 359 3482 418">
    <p class='ocr_par' dir='ltr' id='par_1_3' title="bbox 3304 359 3482 418">
     <span class='ocr_line' id='line_1_3' title="bbox 3304 359 3482 418; baseline -0.056 0"><span class='ocrx_word' id='word_1_7' title='bbox 3304 359 3410 418; x_wconf 68' lang='grc'><strong>954</strong></span> <span class='ocrx_word' id='word_1_8' title='bbox 3471 394 3482 408; x_wconf 93' lang='grc'>.</span> 
     </span>
    </p>
   </div>
   <div class='ocr_carea' id='block_1_4' title="bbox 159 474 3410 568">
    <p class='ocr_par' dir='ltr' id='par_1_4' title="bbox 159 474 3410 568">
     <span class='ocr_line' id='line_1_4' title="bbox 159 474 3410 568; baseline -0.004 -21"><span class='ocrx_word' id='word_1_9' title='bbox 159 493 300 548; x_wconf 84' lang='lat' dir='ltr'><strong>stolis,</strong></span> <span class='ocrx_word' id='word_1_10' title='bbox 323 491 453 566; x_wconf 33' lang='lat' dir='ltr'><strong>lotis,</strong></span> <span class='ocrx_word' id='word_1_11' title='bbox 470 488 768 568; x_wconf 66' lang='lat' dir='ltr'><strong>divinorum</strong></span> <span class='ocrx_word' id='word_1_12' title='bbox 815 487 996 552; x_wconf 87' lang='lat' dir='ltr'><strong>dicens</strong></span> <span class='ocrx_word' id='word_1_13' title='bbox 1030 485 1288 540; x_wconf 69' lang='lat' dir='ltr'><strong>custodias</strong></span> <span class='ocrx_word' id='word_1_14' title='bbox 1320 483 1713 540; x_wconf 92' lang='lat' dir='ltr'><strong>mandatorum.</strong></span> <span class='ocrx_word' id='word_1_15' title='bbox 1747 487 1802 564; x_wconf 37' lang='lat' dir='ltr'><strong>Al</strong></span> <span class='ocrx_word' id='word_1_16' title='bbox 1825 493 1930 544; x_wconf 89' lang='lat' dir='ltr'><strong>me,</strong></span> <span class='ocrx_word' id='word_1_17' title='bbox 1969 477 2194 536; x_wconf 79' lang='lat' dir='ltr'><strong>traxerit</strong></span> <span class='ocrx_word' id='word_1_18' title='bbox 2238 491 2398 543; x_wconf 90' lang='lat' dir='ltr'><strong>eum;</strong></span> <span class='ocrx_word' id='word_1_19' title='bbox 2443 474 2542 534; x_wconf 84' lang='lat' dir='ltr'><strong>nisi</strong></span> <span class='ocrx_word' id='word_1_20' title='bbox 2567 474 2688 546; x_wconf 85' lang='lat' dir='ltr'><strong>quia</strong></span> <span class='ocrx_word' id='word_1_21' title='bbox 2718 488 2788 536; x_wconf 87' lang='lat' dir='ltr'><strong>ex</strong></span> <span class='ocrx_word' id='word_1_22' title='bbox 2821 476 3040 534; x_wconf 87' lang='lat' dir='ltr'><strong>nolente</strong></span> <span class='ocrx_word' id='word_1_23' title='bbox 3073 478 3220 544; x_wconf 84' lang='lat' dir='ltr'><strong>prius</strong></span> <span class='ocrx_word' id='word_1_24' title='bbox 3271 479 3410 546; x_wconf 80' lang='lat' dir='ltr'><strong>ﬁeri,</strong></span> 
     </span>
    </p>
   </div>
   <div class='ocr_carea' id='block_1_5' title="bbox 161 575 1719 654">
    <p class='ocr_par' dir='ltr' id='par_1_5' title="bbox 161 575 1719 654">
     <span class='ocr_line' id='line_1_5' title="bbox 161 575 1719 654; baseline -0.005 -20"><span class='ocrx_word' id='word_1_25' title='bbox 161 580 279 636; x_wconf 74' lang='lat' dir='ltr'><strong>Nam</strong></span> <span class='ocrx_word' id='word_1_26' title='bbox 313 591 364 635; x_wconf 91' lang='lat' dir='ltr'><strong>et</strong></span> <span class='ocrx_word' id='word_1_27' title='bbox 390 582 667 654; x_wconf 84' lang='lat' dir='ltr'><strong>exordium</strong></span> <span class='ocrx_word' id='word_1_28' title='bbox 704 577 974 650; x_wconf 60' lang='lat' dir='ltr'><strong>Evangelii</strong></span> <span class='ocrx_word' id='word_1_29' title='bbox 1000 576 1079 630; x_wconf 92' lang='lat' dir='ltr'><strong>sui</strong></span> <span class='ocrx_word' id='word_1_30' title='bbox 1109 575 1297 630; x_wconf 84' lang='lat' dir='ltr'><strong>iisdem</strong></span> <span class='ocrx_word' id='word_1_31' title='bbox 1326 575 1561 630; x_wconf 83' lang='lat' dir='ltr'><strong>Joannes</strong></span> <span class='ocrx_word' id='word_1_32' title='bbox 1591 585 1719 640; x_wconf 79' lang='lat' dir='ltr'><strong>sea-</strong></span> 
     </span>
    </p>
   </div>
   <div class='ocr_carea' id='block_1_6' title="bbox 163 654 1724 738">
    <p class='ocr_par' dir='ltr' id='par_1_6' title="bbox 163 654 1724 738">
     <span class='ocr_line' id='line_1_6' title="bbox 163 654 1724 738; baseline -0.004 -14"><span class='ocrx_word' id='word_1_33' title='bbox 163 672 324 738; x_wconf 84' lang='lat' dir='ltr'><strong>sibus,</strong></span> <span class='ocrx_word' id='word_1_34' title='bbox 354 672 480 734; x_wconf 89' lang='lat' dir='ltr'><strong>licet</strong></span> <span class='ocrx_word' id='word_1_35' title='bbox 505 671 720 736; x_wconf 75' lang='lat' dir='ltr'><strong>diverso</strong></span> <span class='ocrx_word' id='word_1_36' title='bbox 743 654 897 738; x_wconf 79' lang='lat' dir='ltr'><strong>orsus</strong></span> <span class='ocrx_word' id='word_1_37' title='bbox 918 683 1165 724; x_wconf 81' lang='lat' dir='ltr'><strong>sermone</strong></span> <span class='ocrx_word' id='word_1_38' title='bbox 1192 666 1516 733; x_wconf 78' lang='lat' dir='ltr'><strong>composuit,</strong></span> <span class='ocrx_word' id='word_1_39' title='bbox 1540 665 1724 719; x_wconf 89' lang='lat' dir='ltr'><strong>dicens</strong></span> 
     </span>
    </p>
   </div>
   <div class='ocr_carea' id='block_1_7' title="bbox 160 759 1728 836">
    <p class='ocr_par' dir='ltr' id='par_1_7' title="bbox 160 759 1728 836">
     <span class='ocr_line' id='line_1_7' title="bbox 160 759 1728 836; baseline -0.004 -18"><span class='ocrx_word' id='word_1_40' title='bbox 160 763 325 836; x_wconf 88' lang='lat' dir='ltr'><strong>(Joan.</strong></span> <span class='ocrx_word' id='word_1_41' title='bbox 359 764 400 834; x_wconf 84' lang='grc' dir='ltr'>ι)</span> <span class='ocrx_word' id='word_1_42' title='bbox 432 782 445 818; x_wconf 86' lang='lat'><strong>:</strong></span> <span class='ocrx_word' id='word_1_43' title='bbox 476 760 536 817; x_wconf 91' lang='lat' dir='ltr'><strong>ln</strong></span> <span class='ocrx_word' id='word_1_44' title='bbox 565 763 826 833; x_wconf 90' lang='lat' dir='ltr'><strong>principio</strong></span> <span class='ocrx_word' id='word_1_45' title='bbox 851 773 964 828; x_wconf 86' lang='lat' dir='ltr'><strong>erat</strong></span> <span class='ocrx_word' id='word_1_46' title='bbox 988 761 1244 826; x_wconf 82' lang='lat' dir='ltr'><strong>Verbum,</strong></span> <span class='ocrx_word' id='word_1_47' title='bbox 1273 768 1329 816; x_wconf 89' lang='lat' dir='ltr'><strong>et</strong></span> <span class='ocrx_word' id='word_1_48' title='bbox 1354 759 1587 813; x_wconf 80' lang='lat' dir='ltr'><strong>Verbum</strong></span> <span class='ocrx_word' id='word_1_49' title='bbox 1611 767 1728 812; x_wconf 89' lang='lat' dir='ltr'><strong>erat</strong></span> 
     </span>
    </p>
   </div>
   <div class='ocr_carea' id='block_1_8' title="bbox 158 851 1723 924">
    <p class='ocr_par' dir='ltr' id='par_1_8' title="bbox 158 851 1723 924">
     <span class='ocr_line' id='line_1_8' title="bbox 158 851 1723 924; baseline -0.004 -16"><span class='ocrx_word' id='word_1_50' title='bbox 158 855 283 924; x_wconf 88' lang='lat' dir='ltr'><strong>apud</strong></span> <span class='ocrx_word' id='word_1_51' title='bbox 327 853 519 920; x_wconf 85' lang='lat' dir='ltr'><strong>Deum,</strong></span> <span class='ocrx_word' id='word_1_52' title='bbox 556 863 611 909; x_wconf 89' lang='lat' dir='ltr'><strong>et</strong></span> <span class='ocrx_word' id='word_1_53' title='bbox 654 854 796 908; x_wconf 92' lang='lat' dir='ltr'><strong>Deus</strong></span> <span class='ocrx_word' id='word_1_54' title='bbox 843 863 956 908; x_wconf 89' lang='lat' dir='ltr'><strong>erat</strong></span> <span class='ocrx_word' id='word_1_55' title='bbox 990 851 1256 922; x_wconf 78' lang='lat' dir='ltr'><strong>Verbum;</strong></span> <span class='ocrx_word' id='word_1_56' title='bbox 1301 859 1354 906; x_wconf 93' lang='lat' dir='ltr'><strong>ct</strong></span> <span class='ocrx_word' id='word_1_57' title='bbox 1405 859 1524 920; x_wconf 82' lang='lat' dir='ltr'><strong>post</strong></span> <span class='ocrx_word' id='word_1_58' title='bbox 1555 864 1723 919; x_wconf 89' lang='lat' dir='ltr'><strong>pauca</strong></span> 
     </span>
    </p>
   </div>
   <div class='ocr_carea' id='block_1_9' title="bbox 163 925 1724 1016">
    <p class='ocr_par' dir='ltr' id='par_1_9' title="bbox 163 925 1724 1016">
     <span class='ocr_line' id='line_1_9' title="bbox 163 925 1724 1016; baseline -0.002 -19"><span class='ocrx_word' id='word_1_59' title='bbox 163 942 374 1016; x_wconf 88' lang='lat' dir='ltr'><strong>(Ibid.),</strong></span> <span class='ocrx_word' id='word_1_60' title='bbox 413 944 480 1016; x_wconf 75' lang='lat' dir='ltr'><strong>Et</strong></span> <span class='ocrx_word' id='word_1_61' title='bbox 507 943 739 1016; x_wconf 63' lang='lat' dir='ltr'><strong>Yet-bum</strong></span> <span class='ocrx_word' id='word_1_62' title='bbox 771 959 892 998; x_wconf 91' lang='lat' dir='ltr'><strong>caro</strong></span> <span class='ocrx_word' id='word_1_63' title='bbox 922 944 1117 997; x_wconf 81' lang='lat' dir='ltr'><strong>factum</strong></span> <span class='ocrx_word' id='word_1_64' title='bbox 1149 951 1250 996; x_wconf 89' lang='lat' dir='ltr'><strong>est.</strong></span> <span class='ocrx_word' id='word_1_65' title='bbox 1285 940 1383 995; x_wconf 86' lang='lat' dir='ltr'><strong>Ubi</strong></span> <span class='ocrx_word' id='word_1_66' title='bbox 1413 925 1572 994; x_wconf 90' lang='lat' dir='ltr'><strong>totius</strong></span> <span class='ocrx_word' id='word_1_67' title='bbox 1604 940 1724 994; x_wconf 89' lang='lat' dir='ltr'><strong>ﬁdei</strong></span> 
     </span>
    </p>
   </div>
   <div class='ocr_carea' id='block_1_10' title="bbox 165 1033 1727 1104">
    <p class='ocr_par' dir='ltr' id='par_1_10' title="bbox 165 1033 1727 1104">
     <span class='ocr_line' id='line_1_10' title="bbox 165 1033 1727 1104; baseline -0.003 -13"><span class='ocrx_word' id='word_1_68' title='bbox 165 1051 361 1091; x_wconf 89' lang='lat' dir='ltr'><strong>summa</strong></span> <span class='ocrx_word' id='word_1_69' title='bbox 389 1035 666 1102; x_wconf 73' lang='lat' dir='ltr'><strong>consistit,</strong></span> <span class='ocrx_word' id='word_1_70' title='bbox 710 1043 769 1090; x_wconf 88' lang='lat' dir='ltr'><strong>ut</strong></span> <span class='ocrx_word' id='word_1_71' title='bbox 809 1037 860 1090; x_wconf 94' lang='lat' dir='ltr'><strong>in</strong></span> <span class='ocrx_word' id='word_1_72' title='bbox 889 1050 998 1090; x_wconf 90' lang='lat' dir='ltr'><strong>uno</strong></span> <span class='ocrx_word' id='word_1_73' title='bbox 1018 1035 1316 1104; x_wconf 89' lang='lat' dir='ltr'><strong>eodemque</strong></span> <span class='ocrx_word' id='word_1_74' title='bbox 1357 1033 1572 1089; x_wconf 87' lang='lat' dir='ltr'><strong>Christo</strong></span> <span class='ocrx_word' id='word_1_75' title='bbox 1604 1047 1727 1102; x_wconf 85' lang='lat' dir='ltr'><strong>per-</strong></span> 
     </span>
    </p>
   </div>
   <div class='ocr_carea' id='block_1_11' title="bbox 161 1125 1727 1191">
    <p class='ocr_par' dir='ltr' id='par_1_11' title="bbox 161 1125 1727 1191">
     <span class='ocr_line' id='line_1_11' title="bbox 161 1125 1727 1191; baseline -0.002 -10"><span class='ocrx_word' id='word_1_76' title='bbox 161 1129 281 1185; x_wconf 78' lang='lat' dir='ltr'><strong>tecta</strong></span> <span class='ocrx_word' id='word_1_77' title='bbox 309 1128 480 1183; x_wconf 89' lang='lat' dir='ltr'><strong>deitas</strong></span> <span class='ocrx_word' id='word_1_78' title='bbox 505 1136 557 1186; x_wconf 87' lang='lat' dir='ltr'><strong>et</strong></span> <span class='ocrx_word' id='word_1_79' title='bbox 581 1142 709 1182; x_wconf 88' lang='lat' dir='ltr'><strong>vera</strong></span> <span class='ocrx_word' id='word_1_80' title='bbox 753 1127 1000 1182; x_wconf 76' lang='lat' dir='ltr'><strong>credatur</strong></span> <span class='ocrx_word' id='word_1_81' title='bbox 1039 1125 1366 1180; x_wconf 78' lang='lat' dir='ltr'><strong>humanitas.</strong></span> <span class='ocrx_word' id='word_1_82' title='bbox 1409 1125 1562 1191; x_wconf 86' lang='lat' dir='ltr'><strong>Quod</strong></span> <span class='ocrx_word' id='word_1_83' title='bbox 1597 1138 1727 1178; x_wconf 81' lang='lat' dir='ltr'><strong>vero</strong></span> 
     </span>
    </p>
   </div>
   <div class='ocr_carea' id='block_1_12' title="bbox 167 1217 1728 1294">
    <p class='ocr_par' dir='ltr' id='par_1_12' title="bbox 167 1217 1728 1294">
     <span class='ocr_line' id='line_1_12' title="bbox 167 1217 1728 1294; baseline -0.003 -21"><span class='ocrx_word' id='word_1_84' title='bbox 167 1219 228 1274; x_wconf 85' lang='lat' dir='ltr'><strong>ad</strong></span> <span class='ocrx_word' id='word_1_85' title='bbox 254 1236 458 1294; x_wconf 88' lang='lat' dir='ltr'><strong>morum</strong></span> <span class='ocrx_word' id='word_1_86' title='bbox 501 1220 692 1275; x_wconf 82' lang='lat' dir='ltr'><strong>attinet</strong></span> <span class='ocrx_word' id='word_1_87' title='bbox 737 1219 1086 1291; x_wconf 86' lang='lat' dir='ltr'><strong>probitatem,</strong></span> <span class='ocrx_word' id='word_1_88' title='bbox 1119 1217 1246 1272; x_wconf 92' lang='lat' dir='ltr'><strong>dicit</strong></span> <span class='ocrx_word' id='word_1_89' title='bbox 1291 1217 1522 1289; x_wconf 82' lang='lat' dir='ltr'><strong>(lbid.):</strong></span> <span class='ocrx_word' id='word_1_90' title='bbox 1558 1217 1728 1284; x_wconf 89' lang='lat' dir='ltr'><strong>Quot-</strong></span> 
     </span>
    </p>
   </div>
   <div class='ocr_carea' id='block_1_13' title="bbox 159 1309 1730 1384">
    <p class='ocr_par' dir='ltr' id='par_1_13' title="bbox 159 1309 1730 1384">
     <span class='ocr_line' id='line_1_13' title="bbox 159 1309 1730 1384; baseline -0.003 -18"><span class='ocrx_word' id='word_1_91' title='bbox 159 1322 281 1381; x_wconf 85' lang='lat' dir='ltr'><strong>quot</strong></span> <span class='ocrx_word' id='word_1_92' title='bbox 323 1321 498 1366; x_wconf 90' lang='lat' dir='ltr'><strong>autem</strong></span> <span class='ocrx_word' id='word_1_93' title='bbox 539 1323 854 1384; x_wconf 82' lang='lat' dir='ltr'><strong>receperunt</strong></span> <span class='ocrx_word' id='word_1_94' title='bbox 895 1325 1052 1380; x_wconf 86' lang='lat' dir='ltr'><strong>eum,</strong></span> <span class='ocrx_word' id='word_1_95' title='bbox 1106 1309 1254 1364; x_wconf 89' lang='lat' dir='ltr'><strong>dedit</strong></span> <span class='ocrx_word' id='word_1_96' title='bbox 1279 1309 1359 1362; x_wconf 89' lang='lat' dir='ltr'><strong>eis</strong></span> <span class='ocrx_word' id='word_1_97' title='bbox 1409 1315 1730 1378; x_wconf 89' lang='lat' dir='ltr'><strong>potestatem</strong></span> 
     </span>
    </p>
   </div>
   <div class='ocr_carea' id='block_1_14' title="bbox 167 1399 1733 1472">
    <p class='ocr_par' dir='ltr' id='par_1_14' title="bbox 167 1399 1733 1472">
     <span class='ocr_line' id='line_1_14' title="bbox 167 1399 1733 1472; baseline -0.004 -16"><span class='ocrx_word' id='word_1_98' title='bbox 167 1402 297 1457; x_wconf 86' lang='lat' dir='ltr'><strong>ﬁlios</strong></span> <span class='ocrx_word' id='word_1_99' title='bbox 317 1402 414 1457; x_wconf 89' lang='lat' dir='ltr'><strong>Dei</strong></span> <span class='ocrx_word' id='word_1_100' title='bbox 444 1401 584 1469; x_wconf 90' lang='lat' dir='ltr'><strong>ﬁeri,</strong></span> <span class='ocrx_word' id='word_1_101' title='bbox 608 1401 689 1456; x_wconf 87' lang='lat' dir='ltr'><strong>his</strong></span> <span class='ocrx_word' id='word_1_102' title='bbox 715 1401 804 1472; x_wconf 90' lang='lat' dir='ltr'><strong>qui</strong></span> <span class='ocrx_word' id='word_1_103' title='bbox 835 1401 1062 1456; x_wconf 89' lang='lat' dir='ltr'><strong>credunt</strong></span> <span class='ocrx_word' id='word_1_104' title='bbox 1102 1402 1155 1454; x_wconf 92' lang='lat' dir='ltr'><strong>in</strong></span> <span class='ocrx_word' id='word_1_105' title='bbox 1186 1400 1400 1454; x_wconf 87' lang='lat' dir='ltr'><strong>nomine</strong></span> <span class='ocrx_word' id='word_1_106' title='bbox 1439 1399 1576 1468; x_wconf 91' lang='lat' dir='ltr'><strong>ejus,</strong></span> <span class='ocrx_word' id='word_1_107' title='bbox 1606 1400 1733 1452; x_wconf 89' lang='lat' dir='ltr'><strong>sub-</strong></span> 
     </span>
    </p>
   </div>
   <div class='ocr_carea' id='block_1_15' title="bbox 157 1489 1732 1564">
    <p class='ocr_par' dir='ltr' id='par_1_15' title="bbox 157 1489 1732 1564">
     <span class='ocr_line' id='line_1_15' title="bbox 157 1489 1732 1564; baseline -0.003 -17"><span class='ocrx_word' id='word_1_108' title='bbox 157 1495 378 1564; x_wconf 79' lang='lat' dir='ltr'><strong>jungens</strong></span> <span class='ocrx_word' id='word_1_109' title='bbox 401 1495 582 1564; x_wconf 89' lang='lat' dir='ltr'><strong>utique</strong></span> <span class='ocrx_word' id='word_1_110' title='bbox 604 1494 723 1548; x_wconf 86' lang='lat' dir='ltr'><strong>ﬁdei</strong></span> <span class='ocrx_word' id='word_1_111' title='bbox 743 1493 1077 1559; x_wconf 81' lang='lat' dir='ltr'><strong>charitatem,</strong></span> <span class='ocrx_word' id='word_1_112' title='bbox 1103 1507 1220 1560; x_wconf 62' lang='lat' dir='ltr'><strong>qua:</strong></span> <span class='ocrx_word' id='word_1_113' title='bbox 1243 1489 1567 1556; x_wconf 86' lang='lat' dir='ltr'><strong>mercedem,</strong></span> <span class='ocrx_word' id='word_1_114' title='bbox 1593 1491 1732 1561; x_wconf 87' lang='lat' dir='ltr'><strong>quod</strong></span> 
     </span>
    </p>
   </div>
   <div class='ocr_carea' id='block_1_16' title="bbox 163 1573 1732 1655">
    <p class='ocr_par' dir='ltr' id='par_1_16' title="bbox 163 1573 1732 1655">
     <span class='ocr_line' id='line_1_16' title="bbox 163 1573 1732 1655; baseline -0.003 -16"><span class='ocrx_word' id='word_1_115' title='bbox 163 1573 382 1654; x_wconf 20' lang='lat' dir='ltr'><strong>paribus.</strong></span> <span class='ocrx_word' id='word_1_116' title='bbox 416 1584 500 1639; x_wconf 80' lang='lat' dir='ltr'><strong>his</strong></span> <span class='ocrx_word' id='word_1_117' title='bbox 528 1599 738 1655; x_wconf 89' lang='lat' dir='ltr'><strong>quoque</strong></span> <span class='ocrx_word' id='word_1_118' title='bbox 767 1583 980 1638; x_wconf 86' lang='lat' dir='ltr'><strong>videtur</strong></span> <span class='ocrx_word' id='word_1_119' title='bbox 1008 1597 1258 1638; x_wconf 87' lang='lat' dir='ltr'><strong>narrasse</strong></span> <span class='ocrx_word' id='word_1_120' title='bbox 1289 1581 1592 1637; x_wconf 88' lang='lat' dir='ltr'><strong>tramitibus</strong></span> <span class='ocrx_word' id='word_1_121' title='bbox 1613 1622 1628 1645; x_wconf 90' lang='lat'><strong>,</strong></span> <span class='ocrx_word' id='word_1_122' title='bbox 1679 1580 1732 1634; x_wconf 93' lang='lat' dir='ltr'><strong>in</strong></span> 
     </span>
    </p>
   </div>
   <div class='ocr_carea' id='block_1_17' title="bbox 162 1670 1730 1740">
    <p class='ocr_par' dir='ltr' id='par_1_17' title="bbox 162 1670 1730 1740">
     <span class='ocr_line' id='line_1_17' title="bbox 162 1670 1730 1740; baseline -0.003 -12"><span class='ocrx_word' id='word_1_123' title='bbox 162 1683 198 1728; x_wconf 79' lang='grc' dir='ltr'>Α</span> <span class='ocrx_word' id='word_1_124' title='bbox 221 1685 271 1728; x_wconf 86' lang='lat' dir='ltr'><strong>et</strong></span> <span class='ocrx_word' id='word_1_125' title='bbox 290 1686 332 1729; x_wconf 71' lang='grc' dir='ltr'>Ω</span> <span class='ocrx_word' id='word_1_126' title='bbox 363 1673 632 1729; x_wconf 90' lang='lat' dir='ltr'><strong>Christum</strong></span> <span class='ocrx_word' id='word_1_127' title='bbox 658 1672 954 1740; x_wconf 87' lang='lat' dir='ltr'><strong>insinuans,</strong></span> <span class='ocrx_word' id='word_1_128' title='bbox 986 1671 1384 1726; x_wconf 87' lang='lat' dir='ltr'><strong>immaculatam</strong></span> <span class='ocrx_word' id='word_1_129' title='bbox 1414 1685 1544 1725; x_wconf 91' lang='lat' dir='ltr'><strong>vero</strong></span> <span class='ocrx_word' id='word_1_130' title='bbox 1565 1670 1730 1725; x_wconf 87' lang='lat' dir='ltr'><strong>vitam</strong></span> 
     </span>
    </p>
   </div>
   <div class='ocr_carea' id='block_1_18' title="bbox 163 1762 1732 1837">
    <p class='ocr_par' dir='ltr' id='par_1_18' title="bbox 163 1762 1732 1837">
     <span class='ocr_line' id='line_1_18' title="bbox 163 1762 1732 1837; baseline -0.003 -17"><span class='ocrx_word' id='word_1_131' title='bbox 163 1767 308 1821; x_wconf 86' lang='lat' dir='ltr'><strong>stolis</strong></span> <span class='ocrx_word' id='word_1_132' title='bbox 337 1765 644 1837; x_wconf 85' lang='lat' dir='ltr'><strong>signiﬁcans</strong></span> <span class='ocrx_word' id='word_1_133' title='bbox 665 1764 928 1830; x_wconf 91' lang='lat' dir='ltr'><strong>candidis,</strong></span> <span class='ocrx_word' id='word_1_134' title='bbox 943 1763 1028 1819; x_wconf 90' lang='lat' dir='ltr'><strong>cui</strong></span> <span class='ocrx_word' id='word_1_135' title='bbox 1058 1762 1303 1818; x_wconf 90' lang='lat' dir='ltr'><strong>eumdem</strong></span> <span class='ocrx_word' id='word_1_136' title='bbox 1326 1762 1574 1817; x_wconf 81' lang='lat' dir='ltr'><strong>similiter</strong></span> <span class='ocrx_word' id='word_1_137' title='bbox 1595 1777 1732 1832; x_wconf 87' lang='lat' dir='ltr'><strong>prae-</strong></span> 
     </span>
    </p>
   </div>
   <div class='ocr_carea' id='block_1_19' title="bbox 1832 568 3412 640">
    <p class='ocr_par' dir='ltr' id='par_1_19' title="bbox 1832 568 3412 640">
     <span class='ocr_line' id='line_1_19' title="bbox 1832 568 3412 640; baseline 0.004 -19"><span class='ocrx_word' id='word_1_138' title='bbox 1832 569 2096 638; x_wconf 78' lang='lat' dir='ltr'><strong>novimus,</strong></span> <span class='ocrx_word' id='word_1_139' title='bbox 2128 568 2308 622; x_wconf 80' lang='lat' dir='ltr'><strong>divina</strong></span> <span class='ocrx_word' id='word_1_140' title='bbox 2348 568 2695 636; x_wconf 80' lang='lat' dir='ltr'><strong>inspiratione</strong></span> <span class='ocrx_word' id='word_1_141' title='bbox 2724 569 3034 640; x_wconf 82' lang='lat' dir='ltr'><strong>volentem?.</strong></span> <span class='ocrx_word' id='word_1_142' title='bbox 3071 571 3208 626; x_wconf 82' lang='lat' dir='ltr'><strong>Nam</strong></span> <span class='ocrx_word' id='word_1_143' title='bbox 3239 581 3294 628; x_wconf 92' lang='lat' dir='ltr'><strong>et</strong></span> <span class='ocrx_word' id='word_1_144' title='bbox 3325 575 3412 628; x_wconf 91' lang='lat' dir='ltr'><strong>hic</strong></span> 
     </span>
    </p>
   </div>
   <div class='ocr_carea' id='block_1_20' title="bbox 1837 660 3411 735">
    <p class='ocr_par' dir='ltr' id='par_1_20' title="bbox 1837 660 3411 735">
     <span class='ocr_line' id='line_1_20' title="bbox 1837 660 3411 735; baseline 0.004 -23"><span class='ocrx_word' id='word_1_145' title='bbox 1837 660 1914 713; x_wconf 91' lang='lat' dir='ltr'><strong>sic</strong></span> <span class='ocrx_word' id='word_1_146' title='bbox 1947 660 2169 712; x_wconf 89' lang='lat' dir='ltr'><strong>liberum</strong></span> <span class='ocrx_word' id='word_1_147' title='bbox 2223 662 2606 728; x_wconf 74' lang='lat' dir='ltr'><strong>convenienter</strong></span> <span class='ocrx_word' id='word_1_148' title='bbox 2647 660 2951 728; x_wconf 85' lang='lat' dir='ltr'><strong>arbitrium,</strong></span> <span class='ocrx_word' id='word_1_149' title='bbox 3001 661 3231 735; x_wconf 77' lang='lat' dir='ltr'><strong>dicendo</strong></span> <span class='ocrx_word' id='word_1_150' title='bbox 3262 682 3274 716; x_wconf 90' lang='lat'><strong>:</strong></span> <span class='ocrx_word' id='word_1_151' title='bbox 3307 666 3411 730; x_wconf 89' lang='lat' dir='ltr'><strong>Qui</strong></span> 
     </span>
    </p>
   </div>
   <div class='ocr_carea' id='block_1_21' title="bbox 1845 750 3409 828">
    <p class='ocr_par' dir='ltr' id='par_1_21' title="bbox 1845 750 3409 828">
     <span class='ocr_line' id='line_1_21' title="bbox 1845 750 3409 828; baseline 0.005 -24"><span class='ocrx_word' id='word_1_152' title='bbox 1845 752 1954 805; x_wconf 90' lang='lat' dir='ltr'><strong>vult</strong></span> <span class='ocrx_word' id='word_1_153' title='bbox 1985 753 2232 821; x_wconf 87' lang='lat' dir='ltr'><strong>accipiat,</strong></span> <span class='ocrx_word' id='word_1_154' title='bbox 2263 761 2320 806; x_wconf 92' lang='lat' dir='ltr'><strong>ut</strong></span> <span class='ocrx_word' id='word_1_155' title='bbox 2346 750 2626 820; x_wconf 81' lang='lat' dir='ltr'><strong>confestim</strong></span> <span class='ocrx_word' id='word_1_156' title='bbox 2648 753 2837 822; x_wconf 83' lang='lat' dir='ltr'><strong>gratia,</strong></span> <span class='ocrx_word' id='word_1_157' title='bbox 2869 754 3188 828; x_wconf 72' lang='lat' dir='ltr'><strong>praedicetur</strong></span> <span class='ocrx_word' id='word_1_158' title='bbox 3233 757 3290 811; x_wconf 91' lang='lat' dir='ltr'><strong>in</strong></span> <span class='ocrx_word' id='word_1_159' title='bbox 3322 771 3409 822; x_wconf 90' lang='lat' dir='ltr'><strong>eo,</strong></span> 
     </span>
    </p>
   </div>
   <div class='ocr_carea' id='block_1_22' title="bbox 1841 847 3408 926">
    <p class='ocr_par' dir='ltr' id='par_1_22' title="bbox 1841 847 3408 926">
     <span class='ocr_line' id='line_1_22' title="bbox 1841 847 3408 926; baseline 0.003 -25"><span class='ocrx_word' id='word_1_160' title='bbox 1841 847 1980 926; x_wconf 82' lang='lat' dir='ltr'><strong>quod</strong></span> <span class='ocrx_word' id='word_1_161' title='bbox 2011 847 2172 910; x_wconf 89' lang='lat' dir='ltr'><strong>dicit,</strong></span> <span class='ocrx_word' id='word_1_162' title='bbox 2203 862 2392 917; x_wconf 89' lang='lat' dir='ltr'><strong>aquam</strong></span> <span class='ocrx_word' id='word_1_163' title='bbox 2445 848 2563 902; x_wconf 75' lang='lat' dir='ltr'><strong>vita:</strong></span> <span class='ocrx_word' id='word_1_164' title='bbox 2605 849 2792 917; x_wconf 83' lang='lat' dir='ltr'><strong>gratis,</strong></span> <span class='ocrx_word' id='word_1_165' title='bbox 2825 849 2986 918; x_wconf 85' lang='lat' dir='ltr'><strong>nullis</strong></span> <span class='ocrx_word' id='word_1_166' title='bbox 3032 850 3208 920; x_wconf 86' lang='lat' dir='ltr'><strong>itaque</strong></span> <span class='ocrx_word' id='word_1_167' title='bbox 3251 850 3408 906; x_wconf 85' lang='lat' dir='ltr'><strong>bonis</strong></span> 
     </span>
    </p>
   </div>
   <div class='ocr_carea' id='block_1_23' title="bbox 1832 938 3390 1010">
    <p class='ocr_par' dir='ltr' id='par_1_23' title="bbox 1832 938 3390 1010">
     <span class='ocr_line' id='line_1_23' title="bbox 1832 938 3390 1010; baseline 0.002 -18"><span class='ocrx_word' id='word_1_168' title='bbox 1832 938 2280 1010; x_wconf 69' lang='lat' dir='ltr'><strong>prazcedentibus,</strong></span> <span class='ocrx_word' id='word_1_169' title='bbox 2300 939 2530 1010; x_wconf 73' lang='lat' dir='ltr'><strong>accipiat</strong></span> <span class='ocrx_word' id='word_1_170' title='bbox 2545 954 2736 1007; x_wconf 85' lang='lat' dir='ltr'><strong>aquam</strong></span> <span class='ocrx_word' id='word_1_171' title='bbox 2754 939 2876 994; x_wconf 75' lang='lat' dir='ltr'><strong>vita:</strong></span> <span class='ocrx_word' id='word_1_172' title='bbox 2898 939 3082 1006; x_wconf 70' lang='lat' dir='ltr'><strong>gratis.</strong></span> <span class='ocrx_word' id='word_1_173' title='bbox 3095 939 3232 1008; x_wconf 84' lang='lat' dir='ltr'><strong>Quid</strong></span> <span class='ocrx_word' id='word_1_174' title='bbox 3247 941 3390 995; x_wconf 88' lang='lat' dir='ltr'><strong>enim</strong></span> 
     </span>
    </p>
   </div>
   <div class='ocr_carea' id='block_1_24' title="bbox 1835 1028 3402 1100">
    <p class='ocr_par' dir='ltr' id='par_1_24' title="bbox 1835 1028 3402 1100">
     <span class='ocr_line' id='line_1_24' title="bbox 1835 1028 3402 1100; baseline 0.003 -16"><span class='ocrx_word' id='word_1_175' title='bbox 1835 1031 2003 1097; x_wconf 83' lang='lat' dir='ltr'><strong>inquit</strong></span> <span class='ocrx_word' id='word_1_176' title='bbox 2036 1029 2322 1098; x_wconf 83' lang='lat' dir='ltr'><strong>Apostolus</strong></span> <span class='ocrx_word' id='word_1_177' title='bbox 2356 1028 2407 1100; x_wconf 85' lang='lat'><strong>(1</strong></span> <span class='ocrx_word' id='word_1_178' title='bbox 2462 1029 2580 1092; x_wconf 82' lang='lat' dir='ltr'><strong>Cor.</strong></span> <span class='ocrx_word' id='word_1_179' title='bbox 2616 1029 2717 1099; x_wconf 77' lang='lat' dir='ltr'><strong>tv),</strong></span> <span class='ocrx_word' id='word_1_180' title='bbox 2751 1029 2927 1092; x_wconf 73' lang='lat' dir='ltr'><strong>habes</strong></span> <span class='ocrx_word' id='word_1_181' title='bbox 2947 1029 3089 1100; x_wconf 89' lang='lat' dir='ltr'><strong>quod</strong></span> <span class='ocrx_word' id='word_1_182' title='bbox 3117 1045 3222 1086; x_wconf 91' lang='lat' dir='ltr'><strong>non</strong></span> <span class='ocrx_word' id='word_1_183' title='bbox 3248 1045 3402 1088; x_wconf 84' lang='lat' dir='ltr'><strong>acce-</strong></span> 
     </span>
    </p>
   </div>
   <div class='ocr_carea' id='block_1_25' title="bbox 1835 1120 3487 1192">
    <p class='ocr_par' dir='ltr' id='par_1_25' title="bbox 1835 1120 3487 1192">
     <span class='ocr_line' id='line_1_25' title="bbox 1835 1120 3487 1192; baseline 0.001 -17"><span class='ocrx_word' id='word_1_184' title='bbox 1835 1121 2003 1192; x_wconf 84' lang='lat' dir='ltr'><strong>pisti?</strong></span> <span class='ocrx_word' id='word_1_185' title='bbox 2051 1120 2186 1190; x_wconf 83' lang='lat' dir='ltr'><strong>Ergo</strong></span> <span class='ocrx_word' id='word_1_186' title='bbox 2212 1129 2267 1175; x_wconf 88' lang='lat' dir='ltr'><strong>et</strong></span> <span class='ocrx_word' id='word_1_187' title='bbox 2291 1121 2620 1176; x_wconf 86' lang='lat' dir='ltr'><strong>voluntatem</strong></span> <span class='ocrx_word' id='word_1_188' title='bbox 2651 1121 2902 1176; x_wconf 86' lang='lat' dir='ltr'><strong>veniendi</strong></span> <span class='ocrx_word' id='word_1_189' title='bbox 2929 1137 2960 1182; x_wconf 85' lang='lat' dir='ltr'><strong>a</strong></span> <span class='ocrx_word' id='word_1_190' title='bbox 2991 1122 3102 1178; x_wconf 88' lang='lat' dir='ltr'><strong>Deo</strong></span> <span class='ocrx_word' id='word_1_191' title='bbox 3133 1122 3301 1192; x_wconf 88' lang='lat' dir='ltr'><strong>gratis</strong></span> <span class='ocrx_word' id='word_1_192' title='bbox 3327 1137 3420 1176; x_wconf 83' lang='lat' dir='ltr'><strong>ac-</strong></span> <span class='ocrx_word' id='word_1_193' title='bbox 3477 1180 3487 1191; x_wconf 43' lang='lat'><em>.</em></span> 
     </span>
    </p>
   </div>
   <div class='ocr_carea' id='block_1_26' title="bbox 1835 1212 3417 1282">
    <p class='ocr_par' dir='ltr' id='par_1_26' title="bbox 1835 1212 3417 1282">
     <span class='ocr_line' id='line_1_26' title="bbox 1835 1212 3417 1282; baseline -0.001 -13"><span class='ocrx_word' id='word_1_194' title='bbox 1835 1213 2102 1282; x_wconf 87' lang='lat' dir='ltr'><strong>cipimus,</strong></span> <span class='ocrx_word' id='word_1_195' title='bbox 2138 1214 2220 1267; x_wconf 91' lang='lat' dir='ltr'><strong>cui</strong></span> <span class='ocrx_word' id='word_1_196' title='bbox 2262 1212 2337 1266; x_wconf 90' lang='lat' dir='ltr'><strong>nil</strong></span> <span class='ocrx_word' id='word_1_197' title='bbox 2391 1216 2596 1282; x_wconf 67' lang='lat' dir='ltr'><strong>praemii</strong></span> <span class='ocrx_word' id='word_1_198' title='bbox 2647 1215 2973 1268; x_wconf 90' lang='lat' dir='ltr'><strong>contulimus</strong></span> <span class='ocrx_word' id='word_1_199' title='bbox 3025 1223 3083 1269; x_wconf 89' lang='lat' dir='ltr'><strong>ut</strong></span> <span class='ocrx_word' id='word_1_200' title='bbox 3136 1228 3417 1278; x_wconf 88' lang='lat' dir='ltr'><strong>essemus,</strong></span> 
     </span>
    </p>
   </div>
   <div class='ocr_carea' id='block_1_27' title="bbox 1837 1305 3415 1384">
    <p class='ocr_par' dir='ltr' id='par_1_27' title="bbox 1837 1305 3415 1384">
     <span class='ocr_line' id='line_1_27' title="bbox 1837 1305 3415 1384; baseline 0.001 -26"><span class='ocrx_word' id='word_1_201' title='bbox 1837 1315 2038 1376; x_wconf 90' lang='lat' dir='ltr'><strong>quanto</strong></span> <span class='ocrx_word' id='word_1_202' title='bbox 2065 1306 2232 1375; x_wconf 85' lang='lat' dir='ltr'><strong>magis</strong></span> <span class='ocrx_word' id='word_1_203' title='bbox 2273 1313 2329 1359; x_wconf 92' lang='lat' dir='ltr'><strong>ut</strong></span> <span class='ocrx_word' id='word_1_204' title='bbox 2349 1305 2478 1384; x_wconf 86' lang='lat' dir='ltr'><strong>justi</strong></span> <span class='ocrx_word' id='word_1_205' title='bbox 2521 1321 2584 1360; x_wconf 86' lang='lat' dir='ltr'><strong>ex</strong></span> <span class='ocrx_word' id='word_1_206' title='bbox 2636 1305 3006 1378; x_wconf 79' lang='lat' dir='ltr'><strong>peccatoribus</strong></span> <span class='ocrx_word' id='word_1_207' title='bbox 3035 1306 3415 1384; x_wconf 77' lang='lat' dir='ltr'><strong>redderemur!</strong></span> 
     </span>
    </p>
   </div>
   <div class='ocr_carea' id='block_1_28' title="bbox 1835 1399 3422 1476">
    <p class='ocr_par' dir='ltr' id='par_1_28' title="bbox 1835 1399 3422 1476">
     <span class='ocr_line' id='line_1_28' title="bbox 1835 1399 3422 1476; baseline -0.003 -20"><span class='ocrx_word' id='word_1_208' title='bbox 1835 1401 2032 1458; x_wconf 88' lang='lat' dir='ltr'><strong>Testor</strong></span> <span class='ocrx_word' id='word_1_209' title='bbox 2061 1415 2160 1470; x_wconf 81' lang='lat' dir='ltr'><strong>ego</strong></span> <span class='ocrx_word' id='word_1_210' title='bbox 2182 1399 2419 1454; x_wconf 87' lang='lat' dir='ltr'><strong>Joannes</strong></span> <span class='ocrx_word' id='word_1_211' title='bbox 2446 1414 2632 1456; x_wconf 88' lang='lat' dir='ltr'><strong>omnes</strong></span> <span class='ocrx_word' id='word_1_212' title='bbox 2655 1403 2748 1471; x_wconf 86' lang='lat' dir='ltr'><strong>qui</strong></span> <span class='ocrx_word' id='word_1_213' title='bbox 2773 1403 2998 1476; x_wconf 76' lang='lat' dir='ltr'><strong>audiunt</strong></span> <span class='ocrx_word' id='word_1_214' title='bbox 3024 1401 3169 1468; x_wconf 72' lang='lat' dir='ltr'><strong>uerba</strong></span> <span class='ocrx_word' id='word_1_215' title='bbox 3201 1399 3422 1470; x_wconf 78' lang='lat' dir='ltr'><strong>prophe-</strong></span> 
     </span>
    </p>
   </div>
   <div class='ocr_carea' id='block_1_29' title="bbox 1844 1489 3418 1565">
    <p class='ocr_par' dir='ltr' id='par_1_29' title="bbox 1844 1489 3418 1565">
     <span class='ocr_line' id='line_1_29' title="bbox 1844 1489 3418 1565; baseline -0.001 -17"><span class='ocrx_word' id='word_1_216' title='bbox 1844 1494 1930 1548; x_wconf 81' lang='lat' dir='ltr'><strong>tite</strong></span> <span class='ocrx_word' id='word_1_217' title='bbox 1981 1493 2098 1547; x_wconf 85' lang='lat' dir='ltr'><strong>libri</strong></span> <span class='ocrx_word' id='word_1_218' title='bbox 2152 1494 2331 1565; x_wconf 84' lang='lat' dir='ltr'><strong>hujus.</strong></span> <span class='ocrx_word' id='word_1_219' title='bbox 2393 1489 2516 1550; x_wconf 65' lang='lat' dir='ltr'><strong>Haec</strong></span> <span class='ocrx_word' id='word_1_220' title='bbox 2557 1493 2684 1550; x_wconf 90' lang='lat' dir='ltr'><strong>dicit</strong></span> <span class='ocrx_word' id='word_1_221' title='bbox 2712 1495 2800 1564; x_wconf 88' lang='lat' dir='ltr'><strong>qui</strong></span> <span class='ocrx_word' id='word_1_222' title='bbox 2848 1495 3006 1564; x_wconf 85' lang='lat' dir='ltr'><strong>jussit</strong></span> <span class='ocrx_word' id='word_1_223' title='bbox 3052 1493 3418 1549; x_wconf 89' lang='lat' dir='ltr'><strong>testimonium</strong></span> 
     </span>
    </p>
   </div>
   <div class='ocr_carea' id='block_1_30' title="bbox 1836 1583 3417 1658">
    <p class='ocr_par' dir='ltr' id='par_1_30' title="bbox 1836 1583 3417 1658">
     <span class='ocr_line' id='line_1_30' title="bbox 1836 1583 3417 1658; baseline 0.001 -20"><span class='ocrx_word' id='word_1_224' title='bbox 1836 1583 2143 1654; x_wconf 89' lang='lat' dir='ltr'><strong>perhibere.</strong></span> <span class='ocrx_word' id='word_1_225' title='bbox 2177 1584 2345 1650; x_wconf 87' lang='lat' dir='ltr'><strong>Quem</strong></span> <span class='ocrx_word' id='word_1_226' title='bbox 2379 1592 2568 1658; x_wconf 84' lang='lat' dir='ltr'><strong>testem</strong></span> <span class='ocrx_word' id='word_1_227' title='bbox 2597 1584 2816 1652; x_wconf 84' lang='lat' dir='ltr'><strong>ﬁdelem</strong></span> <span class='ocrx_word' id='word_1_228' title='bbox 2851 1586 3096 1656; x_wconf 82' lang='lat' dir='ltr'><strong>superius</strong></span> <span class='ocrx_word' id='word_1_229' title='bbox 3128 1591 3417 1651; x_wconf 84' lang='lat' dir='ltr'><strong>memorat,</strong></span> 
     </span>
    </p>
   </div>
   <div class='ocr_carea' id='block_1_31' title="bbox 1839 1663 3418 1750">
    <p class='ocr_par' dir='ltr' id='par_1_31' title="bbox 1839 1663 3418 1750">
     <span class='ocr_line' id='line_1_31' title="bbox 1839 1663 3418 1750; baseline 0.002 -21"><span class='ocrx_word' id='word_1_230' title='bbox 1839 1674 1907 1729; x_wconf 91' lang='lat' dir='ltr'><strong>de</strong></span> <span class='ocrx_word' id='word_1_231' title='bbox 1938 1674 2058 1748; x_wconf 88' lang='lat' dir='ltr'><strong>ipso</strong></span> <span class='ocrx_word' id='word_1_232' title='bbox 2103 1688 2245 1728; x_wconf 91' lang='lat' dir='ltr'><strong>nunc</strong></span> <span class='ocrx_word' id='word_1_233' title='bbox 2294 1663 2436 1744; x_wconf 81' lang='lat' dir='ltr'><strong>quad</strong></span> <span class='ocrx_word' id='word_1_234' title='bbox 2461 1675 2684 1742; x_wconf 87' lang='lat' dir='ltr'><strong>jusserit</strong></span> <span class='ocrx_word' id='word_1_235' title='bbox 2713 1677 3091 1744; x_wconf 80' lang='lat' dir='ltr'><strong>testimonium.</strong></span> <span class='ocrx_word' id='word_1_236' title='bbox 3111 1677 3418 1750; x_wconf 86' lang='lat' dir='ltr'><strong>perhibere,</strong></span> 
     </span>
    </p>
   </div>
   <div class='ocr_carea' id='block_1_32' title="bbox 1841 1766 3424 1846">
    <p class='ocr_par' dir='ltr' id='par_1_32' title="bbox 1841 1766 3424 1846">
     <span class='ocr_line' id='line_1_32' title="bbox 1841 1766 3424 1846; baseline 0 -24"><span class='ocrx_word' id='word_1_237' title='bbox 1841 1784 1908 1822; x_wconf 90' lang='lat' dir='ltr'><strong>ne</strong></span> <span class='ocrx_word' id='word_1_238' title='bbox 1937 1767 2101 1836; x_wconf 87' lang='lat' dir='ltr'><strong>hujus</strong></span> <span class='ocrx_word' id='word_1_239' title='bbox 2137 1766 2252 1821; x_wconf 92' lang='lat' dir='ltr'><strong>libri</strong></span> <span class='ocrx_word' id='word_1_240' title='bbox 2285 1776 2389 1820; x_wconf 88' lang='lat' dir='ltr'><strong>tam</strong></span> <span class='ocrx_word' id='word_1_241' title='bbox 2433 1767 2662 1846; x_wconf 76' lang='lat' dir='ltr'><strong>salubris</strong></span> <span class='ocrx_word' id='word_1_242' title='bbox 2707 1768 3100 1840; x_wconf 87' lang='lat' dir='ltr'><strong>contemnenda</strong></span> <span class='ocrx_word' id='word_1_243' title='bbox 3148 1776 3424 1838; x_wconf 81' lang='lat' dir='ltr'><strong>putaretur</strong></span> 
     </span>
    </p>
   </div>
   <div class='ocr_carea' id='block_1_33' title="bbox 165 1858 3426 1934">
    <p class='ocr_par' dir='ltr' id='par_1_33' title="bbox 165 1858 3426 1934">
     <span class='ocr_line' id='line_1_33' title="bbox 165 1858 3426 1934; baseline -0 -20"><span class='ocrx_word' id='word_1_244' title='bbox 165 1861 325 1916; x_wconf 91' lang='lat' dir='ltr'><strong>mium</strong></span> <span class='ocrx_word' id='word_1_245' title='bbox 354 1860 660 1930; x_wconf 90' lang='lat' dir='ltr'><strong>pollicetur,</strong></span> <span class='ocrx_word' id='word_1_246' title='bbox 687 1859 871 1914; x_wconf 89' lang='lat' dir='ltr'><strong>dicens</strong></span> <span class='ocrx_word' id='word_1_247' title='bbox 897 1858 1001 1914; x_wconf 86' lang='lat' dir='ltr'><strong>:Ut</strong></span> <span class='ocrx_word' id='word_1_248' title='bbox 1027 1859 1093 1911; x_wconf 89' lang='lat' dir='ltr'><strong>sit</strong></span> <span class='ocrx_word' id='word_1_249' title='bbox 1112 1866 1346 1926; x_wconf 89' lang='lat' dir='ltr'><strong>potestas</strong></span> <span class='ocrx_word' id='word_1_250' title='bbox 1367 1871 1552 1912; x_wconf 83' lang='lat' dir='ltr'><strong>eorum</strong></span> <span class='ocrx_word' id='word_1_251' title='bbox 1577 1871 1736 1923; x_wconf 89' lang='lat' dir='ltr'><strong>super</strong></span> <span class='ocrx_word' id='word_1_252' title='bbox 1765 1858 1816 1920; x_wconf 88' lang='lat' dir='ltr'><strong>B</strong></span> <span class='ocrx_word' id='word_1_253' title='bbox 1843 1860 2068 1926; x_wconf 88' lang='lat' dir='ltr'><strong>utilitas,</strong></span> <span class='ocrx_word' id='word_1_254' title='bbox 2103 1873 2252 1912; x_wconf 83' lang='lat' dir='ltr'><strong>suam</strong></span> <span class='ocrx_word' id='word_1_255' title='bbox 2279 1873 2563 1928; x_wconf 87' lang='lat' dir='ltr'><strong>personam</strong></span> <span class='ocrx_word' id='word_1_256' title='bbox 2595 1858 2846 1913; x_wconf 90' lang='lat' dir='ltr'><strong>laudabili</strong></span> <span class='ocrx_word' id='word_1_257' title='bbox 2880 1860 3179 1934; x_wconf 63' lang='lat' dir='ltr'><strong>humilitate</strong></span> <span class='ocrx_word' id='word_1_258' title='bbox 3207 1869 3426 1930; x_wconf 87' lang='lat' dir='ltr'><strong>postpo-</strong></span> 
     </span>
    </p>
   </div>
   <div class='ocr_carea' id='block_1_34' title="bbox 164 1947 1738 2023">
    <p class='ocr_par' dir='ltr' id='par_1_34' title="bbox 164 1947 1738 2023">
     <span class='ocr_line' id='line_1_34' title="bbox 164 1947 1738 2023; baseline -0.003 -17"><span class='ocrx_word' id='word_1_259' title='bbox 164 1955 354 2023; x_wconf 85' lang='lat' dir='ltr'><strong>lignum</strong></span> <span class='ocrx_word' id='word_1_260' title='bbox 382 1955 528 2007; x_wconf 80' lang='lat' dir='ltr'><strong>vitm.</strong></span> <span class='ocrx_word' id='word_1_261' title='bbox 550 1951 774 2021; x_wconf 86' lang='lat' dir='ltr'><strong>Lignum</strong></span> <span class='ocrx_word' id='word_1_262' title='bbox 797 1958 974 2005; x_wconf 90' lang='lat' dir='ltr'><strong>autem</strong></span> <span class='ocrx_word' id='word_1_263' title='bbox 996 1949 1119 2004; x_wconf 63' lang='lat' dir='ltr'><strong>vitae</strong></span> <span class='ocrx_word' id='word_1_264' title='bbox 1147 1948 1392 2004; x_wconf 85' lang='lat' dir='ltr'><strong>Christus</strong></span> <span class='ocrx_word' id='word_1_265' title='bbox 1418 1955 1530 2012; x_wconf 90' lang='lat' dir='ltr'><strong>est,</strong></span> <span class='ocrx_word' id='word_1_266' title='bbox 1578 1957 1634 2001; x_wconf 90' lang='lat' dir='ltr'><strong>ut</strong></span> <span class='ocrx_word' id='word_1_267' title='bbox 1661 1947 1738 2002; x_wconf 88' lang='lat' dir='ltr'><strong>le-</strong></span> 
     </span>
    </p>
   </div>
   <div class='ocr_carea' id='block_1_35' title="bbox 163 2039 1735 2114">
    <p class='ocr_par' dir='ltr' id='par_1_35' title="bbox 163 2039 1735 2114">
     <span class='ocr_line' id='line_1_35' title="bbox 163 2039 1735 2114; baseline -0.003 -17"><span class='ocrx_word' id='word_1_268' title='bbox 163 2047 336 2114; x_wconf 87' lang='lat' dir='ltr'><strong>gimus</strong></span> <span class='ocrx_word' id='word_1_269' title='bbox 373 2060 388 2098; x_wconf 90' lang='lat'>:</span> <span class='ocrx_word' id='word_1_270' title='bbox 439 2043 712 2113; x_wconf 83' lang='lat' dir='ltr'><strong>Sapientia</strong></span> <span class='ocrx_word' id='word_1_271' title='bbox 759 2043 961 2113; x_wconf 77' lang='lat' dir='ltr'><strong>lignum</strong></span> <span class='ocrx_word' id='word_1_272' title='bbox 1003 2040 1128 2100; x_wconf 71' lang='lat' dir='ltr'><strong>vita:</strong></span> <span class='ocrx_word' id='word_1_273' title='bbox 1169 2049 1247 2094; x_wconf 89' lang='lat' dir='ltr'><strong>est</strong></span> <span class='ocrx_word' id='word_1_274' title='bbox 1289 2039 1735 2109; x_wconf 83' lang='lat' dir='ltr'><strong>amplectentibus</strong></span> 
     </span>
    </p>
   </div>
   <div class='ocr_carea' id='block_1_36' title="bbox 163 2131 1736 2204">
    <p class='ocr_par' dir='ltr' id='par_1_36' title="bbox 163 2131 1736 2204">
     <span class='ocr_line' id='line_1_36' title="bbox 163 2131 1736 2204; baseline -0.003 -14"><span class='ocrx_word' id='word_1_275' title='bbox 163 2135 496 2204; x_wconf 57' lang='lat' dir='ltr'><strong>eamlProu.</strong></span> <span class='ocrx_word' id='word_1_276' title='bbox 529 2134 635 2201; x_wconf 87' lang='grc' dir='ltr'>ιιι).</span> <span class='ocrx_word' id='word_1_277' title='bbox 670 2133 785 2188; x_wconf 84' lang='lat' dir='ltr'><strong>Non</strong></span> <span class='ocrx_word' id='word_1_278' title='bbox 813 2142 988 2188; x_wconf 89' lang='lat' dir='ltr'><strong>autem</strong></span> <span class='ocrx_word' id='word_1_279' title='bbox 1037 2147 1198 2198; x_wconf 87' lang='lat' dir='ltr'><strong>super</strong></span> <span class='ocrx_word' id='word_1_280' title='bbox 1227 2131 1500 2186; x_wconf 86' lang='lat' dir='ltr'><strong>Christum</strong></span> <span class='ocrx_word' id='word_1_281' title='bbox 1532 2131 1582 2184; x_wconf 93' lang='lat' dir='ltr'><strong>hi</strong></span> <span class='ocrx_word' id='word_1_282' title='bbox 1615 2145 1736 2186; x_wconf 91' lang='lat' dir='ltr'><strong>esse</strong></span> 
     </span>
    </p>
   </div>
   <div class='ocr_carea' id='block_1_37' title="bbox 167 2217 1734 2296">
    <p class='ocr_par' dir='ltr' id='par_1_37' title="bbox 167 2217 1734 2296">
     <span class='ocr_line' id='line_1_37' title="bbox 167 2217 1734 2296; baseline -0.003 -16"><span class='ocrx_word' id='word_1_283' title='bbox 167 2217 374 2295; x_wconf 61' lang='lat' dir='ltr'><strong>putandi</strong></span> <span class='ocrx_word' id='word_1_284' title='bbox 399 2235 542 2292; x_wconf 84' lang='lat' dir='ltr'><strong>sunt,</strong></span> <span class='ocrx_word' id='word_1_285' title='bbox 565 2227 688 2296; x_wconf 90' lang='lat' dir='ltr'><strong>quia</strong></span> <span class='ocrx_word' id='word_1_286' title='bbox 707 2240 811 2281; x_wconf 91' lang='lat' dir='ltr'><strong>non</strong></span> <span class='ocrx_word' id='word_1_287' title='bbox 829 2234 912 2280; x_wconf 92' lang='lat' dir='ltr'><strong>est</strong></span> <span class='ocrx_word' id='word_1_288' title='bbox 929 2225 1218 2294; x_wconf 90' lang='lat' dir='ltr'><strong>discipulus</strong></span> <span class='ocrx_word' id='word_1_289' title='bbox 1229 2239 1388 2292; x_wconf 88' lang='lat' dir='ltr'><strong>super</strong></span> <span class='ocrx_word' id='word_1_290' title='bbox 1405 2224 1734 2292; x_wconf 85' lang='lat' dir='ltr'><strong>magistrum,</strong></span> 
     </span>
    </p>
   </div>
   <div class='ocr_carea' id='block_1_38' title="bbox 171 2315 1740 2388">
    <p class='ocr_par' dir='ltr' id='par_1_38' title="bbox 171 2315 1740 2388">
     <span class='ocr_line' id='line_1_38' title="bbox 171 2315 1740 2388; baseline -0.003 -15"><span class='ocrx_word' id='word_1_291' title='bbox 171 2334 267 2373; x_wconf 89' lang='lat' dir='ltr'><strong>nec</strong></span> <span class='ocrx_word' id='word_1_292' title='bbox 312 2333 498 2374; x_wconf 88' lang='lat' dir='ltr'><strong>servus</strong></span> <span class='ocrx_word' id='word_1_293' title='bbox 536 2327 698 2388; x_wconf 87' lang='lat' dir='ltr'><strong>super</strong></span> <span class='ocrx_word' id='word_1_294' title='bbox 744 2319 1017 2372; x_wconf 91' lang='lat' dir='ltr'><strong>dominum</strong></span> <span class='ocrx_word' id='word_1_295' title='bbox 1068 2331 1219 2372; x_wconf 88' lang='lat' dir='ltr'><strong>suum</strong></span> <span class='ocrx_word' id='word_1_296' title='bbox 1259 2315 1471 2388; x_wconf 78' lang='lat' dir='ltr'><strong>(Matth.</strong></span> <span class='ocrx_word' id='word_1_297' title='bbox 1504 2316 1583 2384; x_wconf 90' lang='lat' dir='ltr'><strong>x).</strong></span> <span class='ocrx_word' id='word_1_298' title='bbox 1651 2315 1740 2370; x_wconf 92' lang='lat' dir='ltr'><strong>Sic</strong></span> 
     </span>
    </p>
   </div>
   <div class='ocr_carea' id='block_1_39' title="bbox 170 2405 1734 2477">
    <p class='ocr_par' dir='ltr' id='par_1_39' title="bbox 170 2405 1734 2477">
     <span class='ocr_line' id='line_1_39' title="bbox 170 2405 1734 2477; baseline -0.003 -14"><span class='ocrx_word' id='word_1_299' title='bbox 170 2418 339 2464; x_wconf 88' lang='lat' dir='ltr'><strong>autem</strong></span> <span class='ocrx_word' id='word_1_300' title='bbox 365 2409 450 2462; x_wconf 89' lang='lat' dir='ltr'><strong>hic</strong></span> <span class='ocrx_word' id='word_1_301' title='bbox 479 2409 610 2463; x_wconf 85' lang='lat' dir='ltr'><strong>dixit</strong></span> <span class='ocrx_word' id='word_1_302' title='bbox 639 2409 1013 2477; x_wconf 85' lang='lat' dir='ltr'><strong>superlignum</strong></span> <span class='ocrx_word' id='word_1_303' title='bbox 1037 2409 1180 2471; x_wconf 60' lang='lat' dir='ltr'><strong>vitae,</strong></span> <span class='ocrx_word' id='word_1_304' title='bbox 1209 2407 1478 2475; x_wconf 85' lang='lat' dir='ltr'><strong>quomodo</strong></span> <span class='ocrx_word' id='word_1_305' title='bbox 1502 2407 1545 2460; x_wconf 89' lang='lat' dir='ltr'><strong>si</strong></span> <span class='ocrx_word' id='word_1_306' title='bbox 1573 2405 1734 2468; x_wconf 87' lang='lat' dir='ltr'><strong>dicet,</strong></span> 
     </span>
    </p>
   </div>
   <div class='ocr_carea' id='block_1_40' title="bbox 168 2498 1738 2570">
    <p class='ocr_par' dir='ltr' id='par_1_40' title="bbox 168 2498 1738 2570">
     <span class='ocr_line' id='line_1_40' title="bbox 168 2498 1738 2570; baseline -0.004 -12"><span class='ocrx_word' id='word_1_307' title='bbox 168 2503 447 2558; x_wconf 87' lang='lat' dir='ltr'><strong>lnﬁrmitas</strong></span> <span class='ocrx_word' id='word_1_308' title='bbox 469 2517 654 2557; x_wconf 89' lang='lat' dir='ltr'><strong>eorum</strong></span> <span class='ocrx_word' id='word_1_309' title='bbox 679 2500 1054 2570; x_wconf 86' lang='lat' dir='ltr'><strong>superlignum</strong></span> <span class='ocrx_word' id='word_1_310' title='bbox 1087 2500 1208 2554; x_wconf 76' lang='lat' dir='ltr'><strong>vitte</strong></span> <span class='ocrx_word' id='word_1_311' title='bbox 1247 2499 1526 2568; x_wconf 87' lang='lat' dir='ltr'><strong>consistet,</strong></span> <span class='ocrx_word' id='word_1_312' title='bbox 1561 2498 1611 2552; x_wconf 91' lang='lat' dir='ltr'><strong>id</strong></span> <span class='ocrx_word' id='word_1_313' title='bbox 1656 2506 1738 2552; x_wconf 92' lang='lat' dir='ltr'><strong>est</strong></span> 
     </span>
    </p>
   </div>
   <div class='ocr_carea' id='block_1_41' title="bbox 166 2588 1738 2662">
    <p class='ocr_par' dir='ltr' id='par_1_41' title="bbox 166 2588 1738 2662">
     <span class='ocr_line' id='line_1_41' title="bbox 166 2588 1738 2662; baseline -0.003 -14"><span class='ocrx_word' id='word_1_314' title='bbox 166 2609 322 2662; x_wconf 88' lang='lat' dir='ltr'><strong>super</strong></span> <span class='ocrx_word' id='word_1_315' title='bbox 354 2593 650 2648; x_wconf 86' lang='lat' dir='ltr'><strong>Dominum.</strong></span> <span class='ocrx_word' id='word_1_316' title='bbox 679 2592 975 2654; x_wconf 89' lang='lat' dir='ltr'><strong>Christum,</strong></span> <span class='ocrx_word' id='word_1_317' title='bbox 1027 2590 1095 2647; x_wconf 91' lang='lat' dir='ltr'><strong>de</strong></span> <span class='ocrx_word' id='word_1_318' title='bbox 1135 2605 1242 2660; x_wconf 90' lang='lat' dir='ltr'><strong>quo</strong></span> <span class='ocrx_word' id='word_1_319' title='bbox 1273 2589 1530 2659; x_wconf 89' lang='lat' dir='ltr'><strong>propheta</strong></span> <span class='ocrx_word' id='word_1_320' title='bbox 1578 2588 1738 2644; x_wconf 89' lang='lat' dir='ltr'><strong>etiam</strong></span> 
     </span>
    </p>
   </div>
   <div class='ocr_carea' id='block_1_42' title="bbox 170 2681 1744 2752">
    <p class='ocr_par' dir='ltr' id='par_1_42' title="bbox 170 2681 1744 2752">
     <span class='ocr_line' id='line_1_42' title="bbox 170 2681 1744 2752; baseline -0.001 -14"><span class='ocrx_word' id='word_1_321' title='bbox 170 2684 315 2751; x_wconf 86' lang='lat' dir='ltr'><strong>dicit,</strong></span> <span class='ocrx_word' id='word_1_322' title='bbox 365 2684 434 2739; x_wconf 81' lang='lat' dir='ltr'><strong>Et</strong></span> <span class='ocrx_word' id='word_1_323' title='bbox 462 2701 624 2752; x_wconf 88' lang='lat' dir='ltr'><strong>super</strong></span> <span class='ocrx_word' id='word_1_324' title='bbox 660 2691 902 2740; x_wconf 90' lang='lat' dir='ltr'><strong>sanctum</strong></span> <span class='ocrx_word' id='word_1_325' title='bbox 943 2683 1102 2737; x_wconf 83' lang='lat' dir='ltr'><strong>Israel</strong></span> <span class='ocrx_word' id='word_1_326' title='bbox 1133 2682 1351 2736; x_wconf 90' lang='lat' dir='ltr'><strong>stabiliti</strong></span> <span class='ocrx_word' id='word_1_327' title='bbox 1391 2690 1535 2736; x_wconf 90' lang='lat' dir='ltr'><strong>sunt.</strong></span> <span class='ocrx_word' id='word_1_328' title='bbox 1589 2681 1744 2737; x_wconf 86' lang='lat' dir='ltr'><strong>Unde</strong></span> 
     </span>
    </p>
   </div>
   <div class='ocr_carea' id='block_1_43' title="bbox 168 2773 1744 2846">
    <p class='ocr_par' dir='ltr' id='par_1_43' title="bbox 168 2773 1744 2846">
     <span class='ocr_line' id='line_1_43' title="bbox 168 2773 1744 2846; baseline -0.004 -13"><span class='ocrx_word' id='word_1_329' title='bbox 168 2777 303 2833; x_wconf 88' lang='lat' dir='ltr'><strong>enim</strong></span> <span class='ocrx_word' id='word_1_330' title='bbox 333 2777 502 2831; x_wconf 86' lang='lat' dir='ltr'><strong>virtus</strong></span> <span class='ocrx_word' id='word_1_331' title='bbox 529 2777 810 2846; x_wconf 88' lang='lat' dir='ltr'><strong>accipitur,</strong></span> <span class='ocrx_word' id='word_1_332' title='bbox 843 2790 1002 2843; x_wconf 90' lang='lat' dir='ltr'><strong>super</strong></span> <span class='ocrx_word' id='word_1_333' title='bbox 1043 2775 1140 2829; x_wconf 92' lang='lat' dir='ltr'><strong>hos</strong></span> <span class='ocrx_word' id='word_1_334' title='bbox 1171 2788 1291 2829; x_wconf 88' lang='lat' dir='ltr'><strong>esse</strong></span> <span class='ocrx_word' id='word_1_335' title='bbox 1334 2781 1599 2828; x_wconf 85' lang='lat' dir='ltr'><strong>narratur.</strong></span> <span class='ocrx_word' id='word_1_336' title='bbox 1643 2773 1744 2826; x_wconf 85' lang='lat' dir='ltr'><strong>Eo-</strong></span> 
     </span>
    </p>
   </div>
   <div class='ocr_carea' id='block_1_44' title="bbox 168 2859 1740 2934">
    <p class='ocr_par' dir='ltr' id='par_1_44' title="bbox 168 2859 1740 2934">
     <span class='ocr_line' id='line_1_44' title="bbox 168 2859 1740 2934; baseline -0.004 -14"><span class='ocrx_word' id='word_1_337' title='bbox 168 2866 284 2921; x_wconf 89' lang='lat' dir='ltr'><strong>dem</strong></span> <span class='ocrx_word' id='word_1_338' title='bbox 317 2865 591 2921; x_wconf 87' lang='lat' dir='ltr'><strong>intellectu</strong></span> <span class='ocrx_word' id='word_1_339' title='bbox 633 2875 689 2920; x_wconf 88' lang='lat' dir='ltr'><strong>et</strong></span> <span class='ocrx_word' id='word_1_340' title='bbox 727 2875 910 2919; x_wconf 89' lang='lat' dir='ltr'><strong>sancto</strong></span> <span class='ocrx_word' id='word_1_341' title='bbox 933 2865 1092 2918; x_wconf 83' lang='lat' dir='ltr'><strong>Petro</strong></span> <span class='ocrx_word' id='word_1_342' title='bbox 1123 2863 1319 2918; x_wconf 90' lang='lat' dir='ltr'><strong>dicitur</strong></span> <span class='ocrx_word' id='word_1_343' title='bbox 1347 2862 1554 2934; x_wconf 82' lang='lat' dir='ltr'><strong>(Matth.</strong></span> <span class='ocrx_word' id='word_1_344' title='bbox 1585 2859 1695 2931; x_wconf 79' lang='lat' dir='ltr'><strong>xvi)</strong></span> <span class='ocrx_word' id='word_1_345' title='bbox 1727 2879 1740 2914; x_wconf 86' lang='lat'><strong>:</strong></span> 
     </span>
    </p>
   </div>
   <div class='ocr_carea' id='block_1_45' title="bbox 170 2953 1745 3027">
    <p class='ocr_par' dir='ltr' id='par_1_45' title="bbox 170 2953 1745 3027">
     <span class='ocr_line' id='line_1_45' title="bbox 170 2953 1745 3027; baseline -0.004 -13"><span class='ocrx_word' id='word_1_346' title='bbox 170 2960 336 3027; x_wconf 75' lang='lat' dir='ltr'><strong>Super</strong></span> <span class='ocrx_word' id='word_1_347' title='bbox 377 2958 515 3012; x_wconf 89' lang='lat' dir='ltr'><strong>hanc</strong></span> <span class='ocrx_word' id='word_1_348' title='bbox 558 2967 763 3026; x_wconf 86' lang='lat' dir='ltr'><strong>petram</strong></span> <span class='ocrx_word' id='word_1_349' title='bbox 801 2958 1078 3011; x_wconf 73' lang='lat' dir='ltr'><strong>aediﬁcabo</strong></span> <span class='ocrx_word' id='word_1_350' title='bbox 1114 2956 1410 3011; x_wconf 83' lang='lat' dir='ltr'><strong>Ecclesiam</strong></span> <span class='ocrx_word' id='word_1_351' title='bbox 1460 2969 1656 3022; x_wconf 83' lang='lat' dir='ltr'><strong>meam,</strong></span> <span class='ocrx_word' id='word_1_352' title='bbox 1690 2953 1745 3008; x_wconf 93' lang='lat' dir='ltr'><strong>id</strong></span> 
     </span>
    </p>
   </div>
   <div class='ocr_carea' id='block_1_46' title="bbox 169 3048 1742 3119">
    <p class='ocr_par' dir='ltr' id='par_1_46' title="bbox 169 3048 1742 3119">
     <span class='ocr_line' id='line_1_46' title="bbox 169 3048 1742 3119; baseline -0.002 -15"><span class='ocrx_word' id='word_1_353' title='bbox 169 3061 246 3104; x_wconf 89' lang='lat' dir='ltr'><strong>est</strong></span> <span class='ocrx_word' id='word_1_354' title='bbox 276 3066 437 3119; x_wconf 88' lang='lat' dir='ltr'><strong>super</strong></span> <span class='ocrx_word' id='word_1_355' title='bbox 466 3066 570 3104; x_wconf 92' lang='lat' dir='ltr'><strong>me.</strong></span> <span class='ocrx_word' id='word_1_356' title='bbox 605 3050 668 3104; x_wconf 88' lang='lat' dir='ltr'><strong>Et</strong></span> <span class='ocrx_word' id='word_1_357' title='bbox 697 3051 953 3119; x_wconf 85' lang='lat' dir='ltr'><strong>propheta</strong></span> <span class='ocrx_word' id='word_1_358' title='bbox 979 3050 1190 3104; x_wconf 89' lang='lat' dir='ltr'><strong>diverso</strong></span> <span class='ocrx_word' id='word_1_359' title='bbox 1219 3063 1490 3113; x_wconf 91' lang='lat' dir='ltr'><strong>sermone,</strong></span> <span class='ocrx_word' id='word_1_360' title='bbox 1521 3048 1615 3102; x_wconf 91' lang='lat' dir='ltr'><strong>sed</strong></span> <span class='ocrx_word' id='word_1_361' title='bbox 1647 3063 1742 3102; x_wconf 89' lang='lat' dir='ltr'><strong>eo-</strong></span> 
     </span>
    </p>
   </div>
   <div class='ocr_carea' id='block_1_47' title="bbox 170 3136 1741 3213">
    <p class='ocr_par' dir='ltr' id='par_1_47' title="bbox 170 3136 1741 3213">
     <span class='ocr_line' id='line_1_47' title="bbox 170 3136 1741 3213; baseline -0.003 -17"><span class='ocrx_word' id='word_1_362' title='bbox 170 3142 288 3196; x_wconf 89' lang='lat' dir='ltr'><strong>dem</strong></span> <span class='ocrx_word' id='word_1_363' title='bbox 318 3136 478 3198; x_wconf 78' lang='lat' dir='ltr'><strong>sénsu</strong></span> <span class='ocrx_word' id='word_1_364' title='bbox 507 3142 635 3196; x_wconf 90' lang='lat' dir='ltr'><strong>dicit</strong></span> <span class='ocrx_word' id='word_1_365' title='bbox 663 3141 830 3213; x_wconf 89' lang='lat' dir='ltr'><strong>(Psal.</strong></span> <span class='ocrx_word' id='word_1_366' title='bbox 860 3142 1006 3211; x_wconf 80' lang='lat' dir='ltr'><strong>Lvm)</strong></span> <span class='ocrx_word' id='word_1_367' title='bbox 1034 3159 1045 3194; x_wconf 90' lang='lat'>:</span> <span class='ocrx_word' id='word_1_368' title='bbox 1072 3141 1454 3194; x_wconf 86' lang='lat' dir='ltr'><strong>Fortitudinem</strong></span> <span class='ocrx_word' id='word_1_369' title='bbox 1477 3154 1646 3193; x_wconf 85' lang='lat' dir='ltr'><strong>meam</strong></span> <span class='ocrx_word' id='word_1_370' title='bbox 1675 3137 1741 3192; x_wconf 90' lang='lat' dir='ltr'><strong>ad</strong></span> 
     </span>
    </p>
   </div>
   <div class='ocr_carea' id='block_1_48' title="bbox 1846 1943 3427 2024">
    <p class='ocr_par' dir='ltr' id='par_1_48' title="bbox 1846 1943 3427 2024">
     <span class='ocr_line' id='line_1_48' title="bbox 1846 1943 3427 2024; baseline 0.002 -21"><span class='ocrx_word' id='word_1_371' title='bbox 1846 1950 1976 2012; x_wconf 90' lang='lat' dir='ltr'><strong>suit,</strong></span> <span class='ocrx_word' id='word_1_372' title='bbox 2004 1943 2548 2017; x_wconf 57' lang='lat' dir='ltr'><strong>et&#39;contemptoribus</strong></span> <span class='ocrx_word' id='word_1_373' title='bbox 2571 1949 2839 2004; x_wconf 89' lang='lat' dir='ltr'><strong>Christum</strong></span> <span class='ocrx_word' id='word_1_374' title='bbox 2865 1951 3105 2020; x_wconf 79' lang='lat' dir='ltr'><strong>opponit,</strong></span> <span class='ocrx_word' id='word_1_375' title='bbox 3123 1951 3277 2024; x_wconf 84' lang='lat' dir='ltr'><strong>Quod</strong></span> <span class='ocrx_word' id='word_1_376' title='bbox 3299 1966 3427 2024; x_wconf 80' lang='lat' dir='ltr'><strong>ergo</strong></span> 
     </span>
    </p>
   </div>
   <div class='ocr_carea' id='block_1_49' title="bbox 1843 2037 3440 2112">
    <p class='ocr_par' dir='ltr' id='par_1_49' title="bbox 1843 2037 3440 2112">
     <span class='ocr_line' id='line_1_49' title="bbox 1843 2037 3440 2112; baseline 0.006 -20"><span class='ocrx_word' id='word_1_377' title='bbox 1843 2039 1994 2092; x_wconf 91' lang='lat' dir='ltr'><strong>testis</strong></span> <span class='ocrx_word' id='word_1_378' title='bbox 2013 2037 2183 2092; x_wconf 89' lang='lat' dir='ltr'><strong>lidelis</strong></span> <span class='ocrx_word' id='word_1_379' title='bbox 2198 2046 2358 2108; x_wconf 90' lang='lat' dir='ltr'><strong>caput</strong></span> <span class='ocrx_word' id='word_1_380' title='bbox 2373 2038 2639 2108; x_wconf 88' lang='lat' dir='ltr'><strong>implevit,</strong></span> <span class='ocrx_word' id='word_1_381' title='bbox 2655 2054 2776 2093; x_wconf 93' lang='lat' dir='ltr'><strong>cum</strong></span> <span class='ocrx_word' id='word_1_382' title='bbox 2795 2039 2932 2094; x_wconf 91' lang='lat' dir='ltr'><strong>dixit</strong></span> <span class='ocrx_word' id='word_1_383' title='bbox 2952 2040 3134 2112; x_wconf 86' lang='lat' dir='ltr'><strong>(Joan.</strong></span> <span class='ocrx_word' id='word_1_384' title='bbox 3151 2043 3228 2111; x_wconf 73' lang='lat' dir='ltr'><strong>tv)</strong></span> <span class='ocrx_word' id='word_1_385' title='bbox 3246 2059 3260 2096; x_wconf 90' lang='lat'><strong>:</strong></span> <span class='ocrx_word' id='word_1_386' title='bbox 3278 2043 3440 2102; x_wconf 67' lang='lat' dir='ltr'><strong>Mena.</strong></span> 
     </span>
    </p>
   </div>
   <div class='ocr_carea' id='block_1_50' title="bbox 1841 2125 3428 2216">
    <p class='ocr_par' dir='ltr' id='par_1_50' title="bbox 1841 2125 3428 2216">
     <span class='ocr_line' id='line_1_50' title="bbox 1841 2125 3428 2216; baseline 0.003 -32"><span class='ocrx_word' id='word_1_387' title='bbox 1841 2130 1993 2184; x_wconf 89' lang='lat' dir='ltr'><strong>cibus</strong></span> <span class='ocrx_word' id='word_1_388' title='bbox 2050 2140 2132 2184; x_wconf 90' lang='lat' dir='ltr'><strong>est</strong></span> <span class='ocrx_word' id='word_1_389' title='bbox 2183 2128 2457 2183; x_wconf 88' lang='lat' dir='ltr'><strong>utlaciam</strong></span> <span class='ocrx_word' id='word_1_390' title='bbox 2495 2125 2825 2186; x_wconf 84' lang='lat' dir='ltr'><strong>voluntatem</strong></span> <span class='ocrx_word' id='word_1_391' title='bbox 2874 2131 2989 2204; x_wconf 72' lang='lat' dir='ltr'><strong>ejus</strong></span> <span class='ocrx_word' id='word_1_392' title='bbox 3037 2133 3126 2216; x_wconf 86' lang='lat' dir='ltr'><strong>qui</strong></span> <span class='ocrx_word' id='word_1_393' title='bbox 3160 2135 3428 2216; x_wconf 77' lang='lat' dir='ltr'><strong>memisit,</strong></span> 
     </span>
    </p>
   </div>
   <div class='ocr_carea' id='block_1_51' title="bbox 1841 2207 3425 2300">
    <p class='ocr_par' dir='ltr' id='par_1_51' title="bbox 1841 2207 3425 2300">
     <span class='ocr_line' id='line_1_51' title="bbox 1841 2207 3425 2300; baseline 0.001 -24"><span class='ocrx_word' id='word_1_394' title='bbox 1841 2225 1924 2278; x_wconf 93' lang='lat' dir='ltr'><strong>vel</strong></span> <span class='ocrx_word' id='word_1_395' title='bbox 1966 2223 2180 2286; x_wconf 90' lang='lat' dir='ltr'><strong>similia,</strong></span> <span class='ocrx_word' id='word_1_396' title='bbox 2214 2221 2316 2277; x_wconf 91' lang='lat' dir='ltr'><strong>hoc</strong></span> <span class='ocrx_word' id='word_1_397' title='bbox 2339 2221 2487 2293; x_wconf 92' lang='lat' dir='ltr'><strong>juvet</strong></span> <span class='ocrx_word' id='word_1_398' title='bbox 2520 2224 2849 2292; x_wconf 92' lang='lat' dir='ltr'><strong>implendum</strong></span> <span class='ocrx_word' id='word_1_399' title='bbox 2879 2234 2933 2279; x_wconf 90' lang='lat' dir='ltr'><strong>et</strong></span> <span class='ocrx_word' id='word_1_400' title='bbox 2958 2207 3192 2300; x_wconf 74' lang='lat' dir='ltr'><strong>corpori.</strong></span> <span class='ocrx_word' id='word_1_401' title='bbox 3221 2207 3283 2286; x_wconf 75' lang='lat' dir='ltr'><strong>Si</strong></span> <span class='ocrx_word' id='word_1_402' title='bbox 3311 2225 3425 2294; x_wconf 89' lang='lat' dir='ltr'><strong>quis</strong></span> 
     </span>
    </p>
   </div>
   <div class='ocr_carea' id='block_1_52' title="bbox 1841 2312 3431 2398">
    <p class='ocr_par' dir='ltr' id='par_1_52' title="bbox 1841 2312 3431 2398">
     <span class='ocr_line' id='line_1_52' title="bbox 1841 2312 3431 2398; baseline 0.001 -30"><span class='ocrx_word' id='word_1_403' title='bbox 1841 2312 2186 2368; x_wconf 87' lang='lat' dir='ltr'><strong>addideritad</strong></span> <span class='ocrx_word' id='word_1_404' title='bbox 2212 2313 2340 2378; x_wconf 65' lang='lat' dir='ltr'><strong>haec,</strong></span> <span class='ocrx_word' id='word_1_405' title='bbox 2380 2313 2594 2392; x_wconf 82' lang='lat' dir='ltr'><strong>adjiciet</strong></span> <span class='ocrx_word' id='word_1_406' title='bbox 2620 2313 2757 2370; x_wconf 85' lang='lat' dir='ltr'><strong>Deus</strong></span> <span class='ocrx_word' id='word_1_407' title='bbox 2781 2332 2931 2387; x_wconf 82' lang='lat' dir='ltr'><strong>super</strong></span> <span class='ocrx_word' id='word_1_408' title='bbox 2951 2331 3072 2392; x_wconf 88' lang='lat' dir='ltr'><strong>eum</strong></span> <span class='ocrx_word' id='word_1_409' title='bbox 3103 2321 3281 2398; x_wconf 83' lang='lat' dir='ltr'><strong>plagas</strong></span> <span class='ocrx_word' id='word_1_410' title='bbox 3301 2317 3431 2371; x_wconf 88' lang='lat' dir='ltr'><strong>scri-</strong></span> 
     </span>
    </p>
   </div>
   <div class='ocr_carea' id='block_1_53' title="bbox 1844 2403 3429 2476">
    <p class='ocr_par' dir='ltr' id='par_1_53' title="bbox 1844 2403 3429 2476">
     <span class='ocr_line' id='line_1_53' title="bbox 1844 2403 3429 2476; baseline 0.004 -19"><span class='ocrx_word' id='word_1_411' title='bbox 1844 2415 1954 2475; x_wconf 84' lang='lat' dir='ltr'><strong>ptas</strong></span> <span class='ocrx_word' id='word_1_412' title='bbox 1982 2406 2035 2458; x_wconf 91' lang='lat' dir='ltr'><strong>in</strong></span> <span class='ocrx_word' id='word_1_413' title='bbox 2059 2403 2188 2457; x_wconf 86' lang='lat' dir='ltr'><strong>libro</strong></span> <span class='ocrx_word' id='word_1_414' title='bbox 2213 2405 2333 2461; x_wconf 92' lang='lat' dir='ltr'><strong>hoc.</strong></span> <span class='ocrx_word' id='word_1_415' title='bbox 2365 2404 2428 2457; x_wconf 89' lang='lat' dir='ltr'><strong>Et</strong></span> <span class='ocrx_word' id='word_1_416' title='bbox 2447 2406 2490 2459; x_wconf 87' lang='lat' dir='ltr'><strong>si</strong></span> <span class='ocrx_word' id='word_1_417' title='bbox 2502 2406 2612 2474; x_wconf 85' lang='lat' dir='ltr'><strong>quis</strong></span> <span class='ocrx_word' id='word_1_418' title='bbox 2628 2406 3429 2476; x_wconf 88' lang='lat' dir='ltr'><strong>dempserit,adimetDominus</strong></span> 
     </span>
    </p>
   </div>
   <div class='ocr_carea' id='block_1_54' title="bbox 1843 2487 3438 2570">
    <p class='ocr_par' dir='ltr' id='par_1_54' title="bbox 1843 2487 3438 2570">
     <span class='ocr_line' id='line_1_54' title="bbox 1843 2487 3438 2570; baseline 0.004 -20"><span class='ocrx_word' id='word_1_419' title='bbox 1843 2508 2044 2568; x_wconf 80' lang='lat' dir='ltr'><strong>portent</strong></span> <span class='ocrx_word' id='word_1_420' title='bbox 2059 2501 2169 2570; x_wconf 87' lang='lat' dir='ltr'><strong>ejus</strong></span> <span class='ocrx_word' id='word_1_421' title='bbox 2190 2498 2253 2552; x_wconf 89' lang='lat' dir='ltr'><strong>de</strong></span> <span class='ocrx_word' id='word_1_422' title='bbox 2275 2497 2401 2551; x_wconf 85' lang='lat' dir='ltr'><strong>libro</strong></span> <span class='ocrx_word' id='word_1_423' title='bbox 2417 2499 2551 2563; x_wconf 79' lang='lat' dir='ltr'><strong>vitw,</strong></span> <span class='ocrx_word' id='word_1_424' title='bbox 2575 2509 2622 2553; x_wconf 90' lang='lat' dir='ltr'><strong>et</strong></span> <span class='ocrx_word' id='word_1_425' title='bbox 2654 2499 2714 2552; x_wconf 89' lang='lat' dir='ltr'><strong>de</strong></span> <span class='ocrx_word' id='word_1_426' title='bbox 2743 2487 2943 2554; x_wconf 79' lang='lat' dir='ltr'><strong>civitate</strong></span> <span class='ocrx_word' id='word_1_427' title='bbox 2970 2510 3169 2565; x_wconf 88' lang='lat' dir='ltr'><strong>sancta,</strong></span> <span class='ocrx_word' id='word_1_428' title='bbox 3191 2510 3238 2553; x_wconf 90' lang='lat' dir='ltr'><strong>et</strong></span> <span class='ocrx_word' id='word_1_429' title='bbox 3265 2499 3328 2554; x_wconf 89' lang='lat' dir='ltr'><strong>de</strong></span> <span class='ocrx_word' id='word_1_430' title='bbox 3350 2501 3438 2558; x_wconf 78' lang='lat' dir='ltr'><strong>Itis.</strong></span> 
     </span>
    </p>
   </div>
   <div class='ocr_carea' id='block_1_55' title="bbox 1842 2575 3436 2668">
    <p class='ocr_par' dir='ltr' id='par_1_55' title="bbox 1842 2575 3436 2668">
     <span class='ocr_line' id='line_1_55' title="bbox 1842 2575 3436 2668; baseline 0.001 -25"><span class='ocrx_word' id='word_1_431' title='bbox 1842 2605 1958 2660; x_wconf 66' lang='lat' dir='ltr'><strong>qua:</strong></span> <span class='ocrx_word' id='word_1_432' title='bbox 1985 2590 2174 2658; x_wconf 86' lang='lat' dir='ltr'><strong>scripta</strong></span> <span class='ocrx_word' id='word_1_433' title='bbox 2201 2590 2253 2642; x_wconf 90' lang='lat' dir='ltr'><strong>in</strong></span> <span class='ocrx_word' id='word_1_434' title='bbox 2286 2590 2414 2642; x_wconf 89' lang='lat' dir='ltr'><strong>libro</strong></span> <span class='ocrx_word' id='word_1_435' title='bbox 2437 2589 2557 2644; x_wconf 91' lang='lat' dir='ltr'><strong>hoc.</strong></span> <span class='ocrx_word' id='word_1_436' title='bbox 2583 2591 2910 2668; x_wconf 26' lang='lat' dir='ltr'><strong>EtSalom&#39;on</strong></span> <span class='ocrx_word' id='word_1_437' title='bbox 2934 2591 3064 2646; x_wconf 89' lang='lat' dir='ltr'><strong>dicit</strong></span> <span class='ocrx_word' id='word_1_438' title='bbox 3082 2575 3436 2662; x_wconf 14' lang='lat' dir='ltr'><strong>(Prov.xxx):t</strong></span> 
     </span>
    </p>
   </div>
   <div class='ocr_carea' id='block_1_56' title="bbox 1843 2683 3436 2762">
    <p class='ocr_par' dir='ltr' id='par_1_56' title="bbox 1843 2683 3436 2762">
     <span class='ocr_line' id='line_1_56' title="bbox 1843 2683 3436 2762; baseline 0.001 -22"><span class='ocrx_word' id='word_1_439' title='bbox 1843 2685 1922 2740; x_wconf 82' lang='lat' dir='ltr'><strong>Ne</strong></span> <span class='ocrx_word' id='word_1_440' title='bbox 1946 2685 2113 2740; x_wconf 88' lang='lat' dir='ltr'><strong>addas</strong></span> <span class='ocrx_word' id='word_1_441' title='bbox 2135 2685 2422 2755; x_wconf 87' lang='lat' dir='ltr'><strong>quidquam</strong></span> <span class='ocrx_word' id='word_1_442' title='bbox 2450 2683 2627 2740; x_wconf 88' lang='lat' dir='ltr'><strong>verbis</strong></span> <span class='ocrx_word' id='word_1_443' title='bbox 2657 2685 2816 2762; x_wconf 74' lang='lat' dir='ltr'><strong>illius,</strong></span> <span class='ocrx_word' id='word_1_444' title='bbox 2848 2695 2902 2742; x_wconf 90' lang='lat' dir='ltr'><strong>et</strong></span> <span class='ocrx_word' id='word_1_445' title='bbox 2932 2686 3174 2756; x_wconf 76' lang='lat' dir='ltr'><strong>argueris</strong></span> <span class='ocrx_word' id='word_1_446' title='bbox 3193 2687 3436 2750; x_wconf 76' lang='lat' dir='ltr'><strong>invenia-</strong></span> 
     </span>
    </p>
   </div>
   <div class='ocr_carea' id='block_1_57' title="bbox 1844 2776 3428 2849">
    <p class='ocr_par' dir='ltr' id='par_1_57' title="bbox 1844 2776 3428 2849">
     <span class='ocr_line' id='line_1_57' title="bbox 1844 2776 3428 2849; baseline 0.002 -19"><span class='ocrx_word' id='word_1_447' title='bbox 1844 2777 2024 2846; x_wconf 78' lang='lat' dir='ltr'><strong>risque</strong></span> <span class='ocrx_word' id='word_1_448' title='bbox 2051 2776 2301 2829; x_wconf 81' lang='lat' dir='ltr'><strong>mendax.</strong></span> <span class='ocrx_word' id='word_1_449' title='bbox 2330 2777 2423 2830; x_wconf 87' lang='lat' dir='ltr'><strong>Hic</strong></span> <span class='ocrx_word' id='word_1_450' title='bbox 2452 2786 2625 2831; x_wconf 91' lang='lat' dir='ltr'><strong>autem</strong></span> <span class='ocrx_word' id='word_1_451' title='bbox 2658 2779 2817 2831; x_wconf 90' lang='lat' dir='ltr'><strong>etiam</strong></span> <span class='ocrx_word' id='word_1_452' title='bbox 2851 2786 3112 2834; x_wconf 86' lang='lat' dir='ltr'><strong>terrorem</strong></span> <span class='ocrx_word' id='word_1_453' title='bbox 3155 2779 3428 2849; x_wconf 83' lang='lat' dir='ltr'><strong>plagarqu</strong></span> 
     </span>
    </p>
   </div>
   <div class='ocr_carea' id='block_1_58' title="bbox 1845 2866 3440 2944">
    <p class='ocr_par' dir='ltr' id='par_1_58' title="bbox 1845 2866 3440 2944">
     <span class='ocr_line' id='line_1_58' title="bbox 1845 2866 3440 2944; baseline 0.003 -24"><span class='ocrx_word' id='word_1_454' title='bbox 1845 2866 2060 2936; x_wconf 88' lang='lat' dir='ltr'><strong>adjecit,</strong></span> <span class='ocrx_word' id='word_1_455' title='bbox 2089 2875 2144 2920; x_wconf 92' lang='lat' dir='ltr'><strong>ut</strong></span> <span class='ocrx_word' id='word_1_456' title='bbox 2171 2883 2276 2920; x_wconf 93' lang='lat' dir='ltr'><strong>non</strong></span> <span class='ocrx_word' id='word_1_457' title='bbox 2306 2868 2480 2921; x_wconf 91' lang='lat' dir='ltr'><strong>solum</strong></span> <span class='ocrx_word' id='word_1_458' title='bbox 2527 2868 2763 2944; x_wconf 86' lang='lat' dir='ltr'><strong>pondere</strong></span> <span class='ocrx_word' id='word_1_459' title='bbox 2788 2869 3123 2922; x_wconf 89' lang='lat' dir='ltr'><strong>auctoritatis</strong></span> <span class='ocrx_word' id='word_1_460' title='bbox 3168 2869 3440 2944; x_wconf 89' lang='lat' dir='ltr'><strong>monendo</strong></span> 
     </span>
    </p>
   </div>
   <div class='ocr_carea' id='block_1_59' title="bbox 1846 2940 3446 3036">
    <p class='ocr_par' dir='ltr' id='par_1_59' title="bbox 1846 2940 3446 3036">
     <span class='ocr_line' id='line_1_59' title="bbox 1846 2940 3446 3036; baseline 0.002 -22"><span class='ocrx_word' id='word_1_461' title='bbox 1846 2969 2084 3029; x_wconf 84' lang='lat' dir='ltr'><strong>urgeret,</strong></span> <span class='ocrx_word' id='word_1_462' title='bbox 2109 2958 2202 3013; x_wconf 91' lang='lat' dir='ltr'><strong>sed</strong></span> <span class='ocrx_word' id='word_1_463' title='bbox 2227 2959 2384 3013; x_wconf 86' lang='lat' dir='ltr'><strong>etiam</strong></span> <span class='ocrx_word' id='word_1_464' title='bbox 2406 2949 2564 3036; x_wconf 78' lang='lat' dir='ltr'><strong>minis</strong></span> <span class='ocrx_word' id='word_1_465' title='bbox 2584 2960 2665 3015; x_wconf 90' lang='lat' dir='ltr'><strong>vel</strong></span> <span class='ocrx_word' id='word_1_466' title='bbox 2681 2940 2905 3016; x_wconf 85' lang='lat' dir='ltr'><strong>desides</strong></span> <span class='ocrx_word' id='word_1_467' title='bbox 2933 2940 3215 3029; x_wconf 76' lang='lat' dir='ltr'><strong>excitaret,</strong></span> <span class='ocrx_word' id='word_1_468' title='bbox 3246 2963 3328 3022; x_wconf 86' lang='lat' dir='ltr'><strong>vel</strong></span> <span class='ocrx_word' id='word_1_469' title='bbox 3356 2943 3446 3018; x_wconf 28' lang='lat' dir='ltr'><strong>te-ﬂ</strong></span> 
     </span>
    </p>
   </div>
   <div class='ocr_carea' id='block_1_60' title="bbox 1845 3053 3441 3128">
    <p class='ocr_par' dir='ltr' id='par_1_60' title="bbox 1845 3053 3441 3128">
     <span class='ocr_line' id='line_1_60' title="bbox 1845 3053 3441 3128; baseline 0.003 -21"><span class='ocrx_word' id='word_1_470' title='bbox 1845 3053 2104 3107; x_wconf 88' lang='lat' dir='ltr'><strong>merarios</strong></span> <span class='ocrx_word' id='word_1_471' title='bbox 2139 3062 2436 3108; x_wconf 91' lang='lat' dir='ltr'><strong>coerceret.</strong></span> <span class='ocrx_word' id='word_1_472' title='bbox 2467 3053 2606 3128; x_wconf 82' lang='lat' dir='ltr'><strong>Dicit</strong></span> <span class='ocrx_word' id='word_1_473' title='bbox 2641 3055 2728 3124; x_wconf 90' lang='lat' dir='ltr'><strong>qui</strong></span> <span class='ocrx_word' id='word_1_474' title='bbox 2759 3055 3097 3108; x_wconf 87' lang='lat' dir='ltr'><strong>testimonium</strong></span> <span class='ocrx_word' id='word_1_475' title='bbox 3119 3056 3344 3124; x_wconf 80' lang='lat' dir='ltr'><strong>perhibet</strong></span> <span class='ocrx_word' id='word_1_476' title='bbox 3373 3056 3441 3112; x_wconf 86' lang='lat' dir='ltr'><strong>de</strong></span> 
     </span>
    </p>
   </div>
   <div class='ocr_carea' id='block_1_61' title="bbox 1849 3143 3448 3224">
    <p class='ocr_par' dir='ltr' id='par_1_61' title="bbox 1849 3143 3448 3224">
     <span class='ocr_line' id='line_1_61' title="bbox 1849 3143 3448 3224; baseline 0.003 -26"><span class='ocrx_word' id='word_1_477' title='bbox 1849 3145 1966 3198; x_wconf 89' lang='lat' dir='ltr'><strong>his:</strong></span> <span class='ocrx_word' id='word_1_478' title='bbox 1989 3143 2161 3197; x_wconf 85' lang='lat' dir='ltr'><strong>Etiam</strong></span> <span class='ocrx_word' id='word_1_479' title='bbox 2183 3146 2326 3224; x_wconf 77' lang='lat' dir='ltr'><strong>venio</strong></span> <span class='ocrx_word' id='word_1_480' title='bbox 2347 3146 2444 3197; x_wconf 89' lang='lat' dir='ltr'><strong>cito</strong></span> <span class='ocrx_word' id='word_1_481' title='bbox 2462 3160 2481 3198; x_wconf 92' lang='lat'><strong><em>:</em></strong></span> <span class='ocrx_word' id='word_1_482' title='bbox 2508 3147 2686 3198; x_wconf 84' lang='lat' dir='ltr'><strong>Amen.</strong></span> <span class='ocrx_word' id='word_1_483' title='bbox 2715 3144 2862 3211; x_wconf 85' lang='lat' dir='ltr'><strong>Veni,</strong></span> <span class='ocrx_word' id='word_1_484' title='bbox 2891 3146 3108 3202; x_wconf 88' lang='lat' dir='ltr'><strong>Domine</strong></span> <span class='ocrx_word' id='word_1_485' title='bbox 3135 3149 3448 3224; x_wconf 63' lang='lat' dir='ltr'><strong>Jequdent</strong></span> 
     </span>
    </p>
   </div>
   <div class='ocr_carea' id='block_1_62' title="bbox 172 3219 3445 3310">
    <p class='ocr_par' dir='ltr' id='par_1_62' title="bbox 172 3219 3445 3310">
     <span class='ocr_line' id='line_1_62' title="bbox 172 3219 3445 3310; baseline 0.002 -20"><span class='ocrx_word' id='word_1_486' title='bbox 172 3244 222 3290; x_wconf 86' lang='lat' dir='ltr'><strong>te</strong></span> <span class='ocrx_word' id='word_1_487' title='bbox 253 3236 568 3290; x_wconf 85' lang='lat' dir='ltr'><strong>custodiam.</strong></span> <span class='ocrx_word' id='word_1_488' title='bbox 597 3234 663 3288; x_wconf 85' lang='lat' dir='ltr'><strong>Et</strong></span> <span class='ocrx_word' id='word_1_489' title='bbox 692 3250 782 3306; x_wconf 83' lang='lat' dir='ltr'><strong>per</strong></span> <span class='ocrx_word' id='word_1_490' title='bbox 806 3244 977 3305; x_wconf 85' lang='lat' dir='ltr'><strong>portas</strong></span> <span class='ocrx_word' id='word_1_491' title='bbox 1012 3236 1199 3287; x_wconf 90' lang='lat' dir='ltr'><strong>intrent</strong></span> <span class='ocrx_word' id='word_1_492' title='bbox 1249 3235 1300 3288; x_wconf 90' lang='lat' dir='ltr'><strong>in</strong></span> <span class='ocrx_word' id='word_1_493' title='bbox 1344 3234 1594 3288; x_wconf 85' lang='lat' dir='ltr'><strong>civitatem</strong></span> <span class='ocrx_word' id='word_1_494' title='bbox 1625 3248 1747 3288; x_wconf 89' lang='lat' dir='ltr'><strong>san-</strong></span> <span class='ocrx_word' id='word_1_495' title='bbox 1776 3252 1818 3310; x_wconf 68' lang='grc' dir='ltr'><strong>ρ</strong></span> <span class='ocrx_word' id='word_1_496' title='bbox 1850 3236 2095 3290; x_wconf 86' lang='lat' dir='ltr'><strong>Christus</strong></span> <span class='ocrx_word' id='word_1_497' title='bbox 2133 3219 2498 3289; x_wconf 83' lang='lat' dir='ltr'><strong>testimonium</strong></span> <span class='ocrx_word' id='word_1_498' title='bbox 2531 3225 2794 3305; x_wconf 86' lang='lat' dir='ltr'><strong>perhibet,</strong></span> <span class='ocrx_word' id='word_1_499' title='bbox 2828 3237 2916 3306; x_wconf 86' lang='lat' dir='ltr'><strong>qui</strong></span> <span class='ocrx_word' id='word_1_500' title='bbox 2944 3252 3004 3293; x_wconf 87' lang='lat' dir='ltr'><strong>se</strong></span> <span class='ocrx_word' id='word_1_501' title='bbox 3033 3239 3288 3295; x_wconf 69' lang='lat' dir='ltr'><strong>Ecclesiae</strong></span> <span class='ocrx_word' id='word_1_502' title='bbox 3316 3219 3445 3296; x_wconf 37' lang='lat' dir='ltr'><strong>vene</strong></span> 
     </span>
    </p>
   </div>
   <div class='ocr_carea' id='block_1_63' title="bbox 171 3325 1742 3398">
    <p class='ocr_par' dir='ltr' id='par_1_63' title="bbox 171 3325 1742 3398">
     <span class='ocr_line' id='line_1_63' title="bbox 171 3325 1742 3398; baseline -0.002 -14"><span class='ocrx_word' id='word_1_503' title='bbox 171 3340 329 3384; x_wconf 78' lang='lat' dir='ltr'><strong>ctam.</strong></span> <span class='ocrx_word' id='word_1_504' title='bbox 365 3329 440 3384; x_wconf 90' lang='lat' dir='ltr'><strong>De</strong></span> <span class='ocrx_word' id='word_1_505' title='bbox 469 3329 663 3398; x_wconf 90' lang='lat' dir='ltr'><strong>quibus</strong></span> <span class='ocrx_word' id='word_1_506' title='bbox 694 3330 861 3398; x_wconf 86' lang='lat' dir='ltr'><strong>portis</strong></span> <span class='ocrx_word' id='word_1_507' title='bbox 885 3331 1139 3396; x_wconf 87' lang='lat' dir='ltr'><strong>scriptum</strong></span> <span class='ocrx_word' id='word_1_508' title='bbox 1174 3337 1298 3394; x_wconf 91' lang='lat' dir='ltr'><strong>puto</strong></span> <span class='ocrx_word' id='word_1_509' title='bbox 1329 3325 1497 3397; x_wconf 88' lang='lat' dir='ltr'><strong>(Psal.</strong></span> <span class='ocrx_word' id='word_1_510' title='bbox 1523 3327 1691 3392; x_wconf 86' lang='lat' dir='ltr'><strong>cxvn)</strong></span> <span class='ocrx_word' id='word_1_511' title='bbox 1725 3342 1742 3381; x_wconf 91' lang='lat'>:</span> 
     </span>
    </p>
   </div>
   <div class='ocr_carea' id='block_1_64' title="bbox 173 3421 1750 3494">
    <p class='ocr_par' dir='ltr' id='par_1_64' title="bbox 173 3421 1750 3494">
     <span class='ocr_line' id='line_1_64' title="bbox 173 3421 1750 3494; baseline -0.006 -14"><span class='ocrx_word' id='word_1_512' title='bbox 173 3424 392 3494; x_wconf 87' lang='lat' dir='ltr'><strong>Aperite</strong></span> <span class='ocrx_word' id='word_1_513' title='bbox 417 3424 545 3478; x_wconf 91' lang='lat' dir='ltr'><strong>mihi</strong></span> <span class='ocrx_word' id='word_1_514' title='bbox 570 3429 751 3493; x_wconf 88' lang='lat' dir='ltr'><strong>portas</strong></span> <span class='ocrx_word' id='word_1_515' title='bbox 772 3422 1013 3492; x_wconf 59' lang='lat' dir='ltr'><strong>jusﬁtiaa,</strong></span> <span class='ocrx_word' id='word_1_516' title='bbox 1035 3429 1090 3476; x_wconf 92' lang='lat' dir='ltr'><strong>ut</strong></span> <span class='ocrx_word' id='word_1_517' title='bbox 1121 3422 1390 3490; x_wconf 85' lang='lat' dir='ltr'><strong>ingressus</strong></span> <span class='ocrx_word' id='word_1_518' title='bbox 1423 3421 1475 3474; x_wconf 91' lang='lat' dir='ltr'><strong>in</strong></span> <span class='ocrx_word' id='word_1_519' title='bbox 1507 3434 1599 3473; x_wconf 89' lang='lat' dir='ltr'><strong>eas</strong></span> <span class='ocrx_word' id='word_1_520' title='bbox 1621 3434 1750 3472; x_wconf 90' lang='lat' dir='ltr'><strong>con-</strong></span> 
     </span>
    </p>
   </div>
   <div class='ocr_carea' id='block_1_65' title="bbox 173 3512 1752 3583">
    <p class='ocr_par' dir='ltr' id='par_1_65' title="bbox 173 3512 1752 3583">
     <span class='ocr_line' id='line_1_65' title="bbox 173 3512 1752 3583; baseline -0.004 -13"><span class='ocrx_word' id='word_1_521' title='bbox 173 3517 323 3570; x_wconf 88' lang='lat' dir='ltr'><strong>ﬁtear</strong></span> <span class='ocrx_word' id='word_1_522' title='bbox 351 3516 606 3581; x_wconf 91' lang='lat' dir='ltr'><strong>Domino;</strong></span> <span class='ocrx_word' id='word_1_523' title='bbox 640 3515 752 3570; x_wconf 88' lang='lat' dir='ltr'><strong>haec</strong></span> <span class='ocrx_word' id='word_1_524' title='bbox 778 3525 927 3583; x_wconf 89' lang='lat' dir='ltr'><strong>porta</strong></span> <span class='ocrx_word' id='word_1_525' title='bbox 961 3514 1192 3577; x_wconf 91' lang='lat' dir='ltr'><strong>Domini,</strong></span> <span class='ocrx_word' id='word_1_526' title='bbox 1212 3512 1342 3583; x_wconf 90' lang='lat' dir='ltr'><strong>justi</strong></span> <span class='ocrx_word' id='word_1_527' title='bbox 1367 3513 1752 3583; x_wconf 89' lang='lat' dir='ltr'><strong>intrabuntper</strong></span> 
     </span>
    </p>
   </div>
   <div class='ocr_carea' id='block_1_66' title="bbox 103 3605 1748 3674">
    <p class='ocr_par' dir='ltr' id='par_1_66' title="bbox 103 3605 1748 3674">
     <span class='ocr_line' id='line_1_66' title="bbox 103 3605 1748 3674; baseline -0.005 -8"><span class='ocrx_word' id='word_1_528' title='bbox 103 3639 123 3648; x_wconf 69' lang='grc' dir='ltr'>υ</span> <span class='ocrx_word' id='word_1_529' title='bbox 174 3626 311 3666; x_wconf 88' lang='lat' dir='ltr'><strong>eam.</strong></span> <span class='ocrx_word' id='word_1_530' title='bbox 346 3609 512 3665; x_wconf 69' lang='lat' dir='ltr'><strong>Aliter</strong></span> <span class='ocrx_word' id='word_1_531' title='bbox 536 3611 676 3664; x_wconf 91' lang='lat' dir='ltr'><strong>enim</strong></span> <span class='ocrx_word' id='word_1_532' title='bbox 709 3609 796 3662; x_wconf 89' lang='lat' dir='ltr'><strong>illa</strong></span> <span class='ocrx_word' id='word_1_533' title='bbox 823 3609 1010 3662; x_wconf 91' lang='lat' dir='ltr'><strong>civitas</strong></span> <span class='ocrx_word' id='word_1_534' title='bbox 1056 3607 1244 3662; x_wconf 91' lang='lat' dir='ltr'><strong>intrari</strong></span> <span class='ocrx_word' id='word_1_535' title='bbox 1271 3622 1375 3661; x_wconf 93' lang='lat' dir='ltr'><strong>non</strong></span> <span class='ocrx_word' id='word_1_536' title='bbox 1418 3615 1611 3674; x_wconf 89' lang='lat' dir='ltr'><strong>potest,</strong></span> <span class='ocrx_word' id='word_1_537' title='bbox 1645 3605 1748 3659; x_wconf 89' lang='lat' dir='ltr'><strong>nisi</strong></span> 
     </span>
    </p>
   </div>
   <div class='ocr_carea' id='block_1_67' title="bbox 177 3697 1742 3773">
    <p class='ocr_par' dir='ltr' id='par_1_67' title="bbox 177 3697 1742 3773">
     <span class='ocr_line' id='line_1_67' title="bbox 177 3697 1742 3773; baseline -0.006 -14"><span class='ocrx_word' id='word_1_538' title='bbox 177 3720 270 3773; x_wconf 90' lang='lat' dir='ltr'><strong>per</strong></span> <span class='ocrx_word' id='word_1_539' title='bbox 297 3703 583 3769; x_wconf 87' lang='lat' dir='ltr'><strong>Christum,</strong></span> <span class='ocrx_word' id='word_1_540' title='bbox 614 3703 702 3772; x_wconf 92' lang='lat' dir='ltr'><strong>qui</strong></span> <span class='ocrx_word' id='word_1_541' title='bbox 729 3702 860 3756; x_wconf 81' lang='lat' dir='ltr'><strong>dixit</strong></span> <span class='ocrx_word' id='word_1_542' title='bbox 891 3701 1070 3771; x_wconf 82' lang='lat' dir='ltr'><strong>(Joan.</strong></span> <span class='ocrx_word' id='word_1_543' title='bbox 1095 3701 1150 3769; x_wconf 80' lang='grc' dir='ltr'>ιι)</span> <span class='ocrx_word' id='word_1_544' title='bbox 1186 3718 1201 3755; x_wconf 91' lang='lat'><strong>:</strong></span> <span class='ocrx_word' id='word_1_545' title='bbox 1242 3701 1351 3768; x_wconf 82' lang='lat' dir='ltr'><strong>Ego</strong></span> <span class='ocrx_word' id='word_1_546' title='bbox 1383 3713 1498 3753; x_wconf 89' lang='lat' dir='ltr'><strong>sum</strong></span> <span class='ocrx_word' id='word_1_547' title='bbox 1525 3697 1742 3763; x_wconf 86' lang='lat' dir='ltr'><strong>ostium,</strong></span> 
     </span>
    </p>
   </div>
   <div class='ocr_carea' id='block_1_68' title="bbox 178 3789 1752 3862">
    <p class='ocr_par' dir='ltr' id='par_1_68' title="bbox 178 3789 1752 3862">
     <span class='ocr_line' id='line_1_68' title="bbox 178 3789 1752 3862; baseline -0.005 -13"><span class='ocrx_word' id='word_1_548' title='bbox 178 3805 229 3849; x_wconf 81' lang='lat' dir='ltr'><strong>et</strong></span> <span class='ocrx_word' id='word_1_549' title='bbox 280 3810 438 3850; x_wconf 89' lang='lat' dir='ltr'><strong>nemo</strong></span> <span class='ocrx_word' id='word_1_550' title='bbox 465 3795 612 3848; x_wconf 92' lang='lat' dir='ltr'><strong>venit</strong></span> <span class='ocrx_word' id='word_1_551' title='bbox 636 3793 700 3848; x_wconf 89' lang='lat' dir='ltr'><strong>ad</strong></span> <span class='ocrx_word' id='word_1_552' title='bbox 731 3793 939 3848; x_wconf 85' lang='lat' dir='ltr'><strong>Patrem</strong></span> <span class='ocrx_word' id='word_1_553' title='bbox 970 3794 1066 3847; x_wconf 91' lang='lat' dir='ltr'><strong>nisi</strong></span> <span class='ocrx_word' id='word_1_554' title='bbox 1101 3807 1194 3862; x_wconf 91' lang='lat' dir='ltr'><strong>per</strong></span> <span class='ocrx_word' id='word_1_555' title='bbox 1245 3806 1350 3845; x_wconf 90' lang='lat' dir='ltr'><strong>me.</strong></span> <span class='ocrx_word' id='word_1_556' title='bbox 1385 3789 1540 3843; x_wconf 86' lang='lat' dir='ltr'><strong>Foris</strong></span> <span class='ocrx_word' id='word_1_557' title='bbox 1575 3798 1752 3842; x_wconf 88' lang='lat' dir='ltr'><strong>autem</strong></span> 
     </span>
    </p>
   </div>
   <div class='ocr_carea' id='block_1_69' title="bbox 182 3881 1752 3952">
    <p class='ocr_par' dir='ltr' id='par_1_69' title="bbox 182 3881 1752 3952">
     <span class='ocr_line' id='line_1_69' title="bbox 182 3881 1752 3952; baseline -0.006 -11"><span class='ocrx_word' id='word_1_558' title='bbox 182 3886 538 3941; x_wconf 87' lang='lat' dir='ltr'><strong>remanebunt</strong></span> <span class='ocrx_word' id='word_1_559' title='bbox 559 3903 730 3950; x_wconf 87' lang='lat' dir='ltr'><strong>canes,</strong></span> <span class='ocrx_word' id='word_1_560' title='bbox 762 3895 808 3939; x_wconf 87' lang='lat' dir='ltr'><strong>et</strong></span> <span class='ocrx_word' id='word_1_561' title='bbox 836 3885 1084 3952; x_wconf 90' lang='lat' dir='ltr'><strong>maleﬁci,</strong></span> <span class='ocrx_word' id='word_1_562' title='bbox 1115 3891 1159 3936; x_wconf 90' lang='lat' dir='ltr'><strong>et</strong></span> <span class='ocrx_word' id='word_1_563' title='bbox 1191 3882 1481 3945; x_wconf 80' lang='lat' dir='ltr'><strong>fornicarii,</strong></span> <span class='ocrx_word' id='word_1_564' title='bbox 1515 3889 1561 3934; x_wconf 92' lang='lat' dir='ltr'><strong>et</strong></span> <span class='ocrx_word' id='word_1_565' title='bbox 1584 3881 1752 3934; x_wconf 85' lang='lat' dir='ltr'><strong>homi-</strong></span> 
     </span>
    </p>
   </div>
   <div class='ocr_carea' id='block_1_70' title="bbox 180 3969 1758 4044">
    <p class='ocr_par' dir='ltr' id='par_1_70' title="bbox 180 3969 1758 4044">
     <span class='ocr_line' id='line_1_70' title="bbox 180 3969 1758 4044; baseline -0.003 -14"><span class='ocrx_word' id='word_1_566' title='bbox 180 3979 332 4042; x_wconf 65' lang='lat' dir='ltr'><strong>cidae,</strong></span> <span class='ocrx_word' id='word_1_567' title='bbox 355 3985 404 4032; x_wconf 95' lang='lat' dir='ltr'><strong>et</strong></span> <span class='ocrx_word' id='word_1_568' title='bbox 424 3977 694 4030; x_wconf 69' lang='lat' dir='ltr'><strong>servientes</strong></span> <span class='ocrx_word' id='word_1_569' title='bbox 715 3969 941 4040; x_wconf 72' lang='lat' dir='ltr'><strong>idorts,et</strong></span> <span class='ocrx_word' id='word_1_570' title='bbox 966 3976 1189 4044; x_wconf 70' lang='lat' dir='ltr'><strong>veneﬁci,</strong></span> <span class='ocrx_word' id='word_1_571' title='bbox 1207 3985 1251 4028; x_wconf 88' lang='lat' dir='ltr'><strong>et</strong></span> <span class='ocrx_word' id='word_1_572' title='bbox 1272 3989 1357 4028; x_wconf 93' lang='lat' dir='ltr'><strong>om</strong></span> <span class='ocrx_word' id='word_1_573' title='bbox 1367 3989 1459 4027; x_wconf 86' lang='lat' dir='ltr'><strong>ncs</strong></span> <span class='ocrx_word' id='word_1_574' title='bbox 1475 3974 1557 4036; x_wconf 85' lang='lat' dir='ltr'><strong>qui</strong></span> <span class='ocrx_word' id='word_1_575' title='bbox 1579 3978 1758 4025; x_wconf 85' lang='lat' dir='ltr'><strong>amant</strong></span> 
     </span>
    </p>
   </div>
   <div class='ocr_carea' id='block_1_71' title="bbox 183 4060 1756 4128">
    <p class='ocr_par' dir='ltr' id='par_1_71' title="bbox 183 4060 1756 4128">
     <span class='ocr_line' id='line_1_71' title="bbox 183 4060 1756 4128; baseline -0.006 -6"><span class='ocrx_word' id='word_1_576' title='bbox 183 4076 230 4122; x_wconf 88' lang='lat' dir='ltr'><strong>et</strong></span> <span class='ocrx_word' id='word_1_577' title='bbox 259 4066 462 4122; x_wconf 78' lang='lat' dir='ltr'><strong>faciunt</strong></span> <span class='ocrx_word' id='word_1_578' title='bbox 491 4065 835 4120; x_wconf 82' lang='lat' dir='ltr'><strong>mendacium.</strong></span> <span class='ocrx_word' id='word_1_579' title='bbox 883 4064 977 4117; x_wconf 77' lang='lat' dir='ltr'><strong>llis</strong></span> <span class='ocrx_word' id='word_1_580' title='bbox 1010 4064 1315 4116; x_wconf 89' lang='lat' dir='ltr'><strong>hominibus</strong></span> <span class='ocrx_word' id='word_1_581' title='bbox 1345 4077 1452 4115; x_wconf 93' lang='lat' dir='ltr'><strong>non</strong></span> <span class='ocrx_word' id='word_1_582' title='bbox 1483 4060 1756 4128; x_wconf 82' lang='lat' dir='ltr'><strong>diligentia</strong></span> 
     </span>
    </p>
   </div>
   <div class='ocr_carea' id='block_1_72' title="bbox 180 4150 1758 4224">
    <p class='ocr_par' dir='ltr' id='par_1_72' title="bbox 180 4150 1758 4224">
     <span class='ocr_line' id='line_1_72' title="bbox 180 4150 1758 4224; baseline -0.007 -11"><span class='ocrx_word' id='word_1_583' title='bbox 180 4157 482 4214; x_wconf 84' lang='lat' dir='ltr'><strong>adhibenda</strong></span> <span class='ocrx_word' id='word_1_584' title='bbox 505 4165 588 4210; x_wconf 89' lang='lat' dir='ltr'><strong>est</strong></span> <span class='ocrx_word' id='word_1_585' title='bbox 608 4154 1044 4224; x_wconf 87' lang='lat' dir='ltr'><strong>exponendi,sed</strong></span> <span class='ocrx_word' id='word_1_586' title='bbox 1071 4153 1376 4206; x_wconf 89' lang='lat' dir='ltr'><strong>sollicitudo</strong></span> <span class='ocrx_word' id='word_1_587' title='bbox 1406 4150 1758 4218; x_wconf 80' lang='lat' dir='ltr'><strong>impendenda</strong></span> 
     </span>
    </p>
   </div>
   <div class='ocr_carea' id='block_1_73' title="bbox 181 4242 1762 4322">
    <p class='ocr_par' dir='ltr' id='par_1_73' title="bbox 181 4242 1762 4322">
     <span class='ocr_line' id='line_1_73' title="bbox 181 4242 1762 4322; baseline -0.008 -15"><span class='ocrx_word' id='word_1_588' title='bbox 181 4252 431 4307; x_wconf 86' lang='lat' dir='ltr'><strong>cavendi.</strong></span> <span class='ocrx_word' id='word_1_589' title='bbox 461 4249 572 4322; x_wconf 88' lang='lat' dir='ltr'><strong>Ego</strong></span> <span class='ocrx_word' id='word_1_590' title='bbox 591 4247 742 4304; x_wconf 72' lang='lat' dir='ltr'><strong>Iesus</strong></span> <span class='ocrx_word' id='word_1_591' title='bbox 762 4248 877 4302; x_wconf 89' lang='lat' dir='ltr'><strong>misi</strong></span> <span class='ocrx_word' id='word_1_592' title='bbox 899 4247 1139 4318; x_wconf 81' lang='lat' dir='ltr'><strong>angelum</strong></span> <span class='ocrx_word' id='word_1_593' title='bbox 1160 4262 1326 4299; x_wconf 77' lang='lat' dir='ltr'><strong>meum</strong></span> <span class='ocrx_word' id='word_1_594' title='bbox 1347 4243 1603 4312; x_wconf 80' lang='lat' dir='ltr'><strong>testiﬁcari</strong></span> <span class='ocrx_word' id='word_1_595' title='bbox 1623 4242 1762 4296; x_wconf 79' lang='lat' dir='ltr'><strong>vobis</strong></span> 
     </span>
    </p>
   </div>
   <div class='ocr_carea' id='block_1_74' title="bbox 186 4337 1763 4414">
    <p class='ocr_par' dir='ltr' id='par_1_74' title="bbox 186 4337 1763 4414">
     <span class='ocr_line' id='line_1_74' title="bbox 186 4337 1763 4414; baseline -0.006 -15"><span class='ocrx_word' id='word_1_596' title='bbox 186 4345 369 4399; x_wconf 75' lang='lat' dir='ltr'><strong>hacin</strong></span> <span class='ocrx_word' id='word_1_597' title='bbox 386 4355 588 4414; x_wconf 82' lang='lat' dir='ltr'><strong>septem</strong></span> <span class='ocrx_word' id='word_1_598' title='bbox 614 4343 876 4399; x_wconf 82' lang='lat' dir='ltr'><strong>Ecclesiis.</strong></span> <span class='ocrx_word' id='word_1_599' title='bbox 905 4341 1110 4396; x_wconf 86' lang='lat' dir='ltr'><strong>Seriem</strong></span> <span class='ocrx_word' id='word_1_600' title='bbox 1139 4339 1260 4395; x_wconf 89' lang='lat' dir='ltr'><strong>libri</strong></span> <span class='ocrx_word' id='word_1_601' title='bbox 1291 4346 1657 4406; x_wconf 82' lang='lat' dir='ltr'><strong>resumpturos</strong></span> <span class='ocrx_word' id='word_1_602' title='bbox 1681 4337 1763 4390; x_wconf 86' lang='lat' dir='ltr'><strong>in-</strong></span> 
     </span>
    </p>
   </div>
   <div class='ocr_carea' id='block_1_75' title="bbox 186 4429 1770 4504">
    <p class='ocr_par' dir='ltr' id='par_1_75' title="bbox 186 4429 1770 4504">
     <span class='ocr_line' id='line_1_75' title="bbox 186 4429 1770 4504; baseline -0.006 -14"><span class='ocrx_word' id='word_1_603' title='bbox 186 4437 488 4492; x_wconf 84' lang='lat' dir='ltr'><strong>tentionem</strong></span> <span class='ocrx_word' id='word_1_604' title='bbox 517 4435 698 4504; x_wconf 72' lang='lat' dir='ltr'><strong>primae</strong></span> <span class='ocrx_word' id='word_1_605' title='bbox 727 4433 1004 4490; x_wconf 87' lang='lat' dir='ltr'><strong>relationis</strong></span> <span class='ocrx_word' id='word_1_606' title='bbox 1025 4432 1280 4502; x_wconf 76' lang='lat' dir='ltr'><strong>assignat,</strong></span> <span class='ocrx_word' id='word_1_607' title='bbox 1300 4439 1360 4485; x_wconf 91' lang='lat' dir='ltr'><strong>ut</strong></span> <span class='ocrx_word' id='word_1_608' title='bbox 1389 4429 1655 4499; x_wconf 89' lang='lat' dir='ltr'><strong>prioribus</strong></span> <span class='ocrx_word' id='word_1_609' title='bbox 1675 4443 1770 4496; x_wconf 87' lang='lat' dir='ltr'><strong>po-</strong></span> 
     </span>
    </p>
   </div>
   <div class='ocr_carea' id='block_1_76' title="bbox 185 4518 1760 4595">
    <p class='ocr_par' dir='ltr' id='par_1_76' title="bbox 185 4518 1760 4595">
     <span class='ocr_line' id='line_1_76' title="bbox 185 4518 1760 4595; baseline -0.005 -13"><span class='ocrx_word' id='word_1_610' title='bbox 185 4529 417 4595; x_wconf 74' lang='lat' dir='ltr'><strong>steriora</strong></span> <span class='ocrx_word' id='word_1_611' title='bbox 443 4527 778 4582; x_wconf 87' lang='lat' dir='ltr'><strong>conveniant.</strong></span> <span class='ocrx_word' id='word_1_612' title='bbox 820 4525 934 4595; x_wconf 87' lang='lat' dir='ltr'><strong>Ego</strong></span> <span class='ocrx_word' id='word_1_613' title='bbox 964 4539 1080 4579; x_wconf 91' lang='lat' dir='ltr'><strong>sum</strong></span> <span class='ocrx_word' id='word_1_614' title='bbox 1128 4523 1276 4578; x_wconf 83' lang='lat' dir='ltr'><strong>radix</strong></span> <span class='ocrx_word' id='word_1_615' title='bbox 1311 4530 1366 4578; x_wconf 92' lang='lat' dir='ltr'><strong>et</strong></span> <span class='ocrx_word' id='word_1_616' title='bbox 1393 4523 1544 4591; x_wconf 81' lang='lat' dir='ltr'><strong>origo</strong></span> <span class='ocrx_word' id='word_1_617' title='bbox 1575 4518 1760 4574; x_wconf 89' lang='lat' dir='ltr'><strong>David.</strong></span> 
     </span>
    </p>
   </div>
   <div class='ocr_carea' id='block_1_77' title="bbox 1855 3323 3442 3400">
    <p class='ocr_par' dir='ltr' id='par_1_77' title="bbox 1855 3323 3442 3400">
     <span class='ocr_line' id='line_1_77' title="bbox 1855 3323 3442 3400; baseline 0.001 -19"><span class='ocrx_word' id='word_1_618' title='bbox 1855 3335 2031 3382; x_wconf 91' lang='lat' dir='ltr'><strong>turum</strong></span> <span class='ocrx_word' id='word_1_619' title='bbox 2066 3326 2472 3391; x_wconf 86' lang='lat' dir='ltr'><strong>annuntiat,cui</strong></span> <span class='ocrx_word' id='word_1_620' title='bbox 2502 3341 2651 3380; x_wconf 90' lang='lat' dir='ltr'><strong>more</strong></span> <span class='ocrx_word' id='word_1_621' title='bbox 2679 3323 2883 3381; x_wconf 90' lang='lat' dir='ltr'><strong>Cantici</strong></span> <span class='ocrx_word' id='word_1_622' title='bbox 2905 3329 3232 3383; x_wconf 92' lang='lat' dir='ltr'><strong>canticorum</strong></span> <span class='ocrx_word' id='word_1_623' title='bbox 3266 3327 3442 3400; x_wconf 90' lang='lat' dir='ltr'><strong>(Cant.</strong></span> 
     </span>
    </p>
   </div>
   <div class='ocr_carea' id='block_1_78' title="bbox 1856 3417 3443 3491">
    <p class='ocr_par' dir='ltr' id='par_1_78' title="bbox 1856 3417 3443 3491">
     <span class='ocr_line' id='line_1_78' title="bbox 1856 3417 3443 3491; baseline -0.001 -16"><span class='ocrx_word' id='word_1_624' title='bbox 1856 3437 1912 3486; x_wconf 87' lang='grc' dir='ltr'><strong>ιι,</strong></span> <span class='ocrx_word' id='word_1_625' title='bbox 1935 3435 2008 3486; x_wconf 83' lang='lat' dir='ltr'><strong>tv,</strong></span> <span class='ocrx_word' id='word_1_626' title='bbox 2038 3435 2090 3487; x_wconf 85' lang='grc' dir='ltr'><strong>ν,</strong></span> <span class='ocrx_word' id='word_1_627' title='bbox 2124 3417 2220 3489; x_wconf 90' lang='lat' dir='ltr'><strong>vn)</strong></span> <span class='ocrx_word' id='word_1_628' title='bbox 2241 3418 2489 3480; x_wconf 77' lang='lat' dir='ltr'><strong>Ecclesia</strong></span> <span class='ocrx_word' id='word_1_629' title='bbox 2516 3418 2707 3473; x_wconf 88' lang='lat' dir='ltr'><strong>devota</strong></span> <span class='ocrx_word' id='word_1_630' title='bbox 2731 3419 3009 3490; x_wconf 88' lang='lat' dir='ltr'><strong>respondit</strong></span> <span class='ocrx_word' id='word_1_631' title='bbox 3035 3438 3048 3474; x_wconf 88' lang='lat'><strong>:</strong></span> <span class='ocrx_word' id='word_1_632' title='bbox 3095 3421 3268 3476; x_wconf 85' lang='lat' dir='ltr'><strong>Etiam</strong></span> <span class='ocrx_word' id='word_1_633' title='bbox 3302 3421 3443 3491; x_wconf 92' lang='lat' dir='ltr'><strong>veni,</strong></span> 
     </span>
    </p>
   </div>
   <div class='ocr_carea' id='block_1_79' title="bbox 1854 3511 3443 3587">
    <p class='ocr_par' dir='ltr' id='par_1_79' title="bbox 1854 3511 3443 3587">
     <span class='ocr_line' id='line_1_79' title="bbox 1854 3511 3443 3587; baseline 0.001 -19"><span class='ocrx_word' id='word_1_634' title='bbox 1854 3514 2079 3568; x_wconf 91' lang='lat' dir='ltr'><strong>Domine</strong></span> <span class='ocrx_word' id='word_1_635' title='bbox 2100 3513 2224 3567; x_wconf 83' lang='lat' dir='ltr'><strong>Jesu</strong></span> <span class='ocrx_word' id='word_1_636' title='bbox 2253 3511 2484 3578; x_wconf 89' lang='lat' dir='ltr'><strong>Christe,</strong></span> <span class='ocrx_word' id='word_1_637' title='bbox 2509 3528 2626 3582; x_wconf 67' lang='lat' dir='ltr'><strong>quae</strong></span> <span class='ocrx_word' id='word_1_638' title='bbox 2648 3513 2778 3568; x_wconf 86' lang='lat' dir='ltr'><strong>dicit</strong></span> <span class='ocrx_word' id='word_1_639' title='bbox 2807 3530 2990 3581; x_wconf 90' lang='lat' dir='ltr'><strong>orans,</strong></span> <span class='ocrx_word' id='word_1_640' title='bbox 3010 3516 3198 3570; x_wconf 86' lang='lat' dir='ltr'><strong>Veniat</strong></span> <span class='ocrx_word' id='word_1_641' title='bbox 3221 3532 3443 3587; x_wconf 81' lang='lat' dir='ltr'><strong>regnum</strong></span> 
     </span>
    </p>
   </div>
   <div class='ocr_carea' id='block_1_80' title="bbox 1859 3603 3444 3676">
    <p class='ocr_par' dir='ltr' id='par_1_80' title="bbox 1859 3603 3444 3676">
     <span class='ocr_line' id='line_1_80' title="bbox 1859 3603 3444 3676; baseline 0.003 -18"><span class='ocrx_word' id='word_1_642' title='bbox 1859 3612 2008 3660; x_wconf 66' lang='lat' dir='ltr'><strong>tuum</strong></span> <span class='ocrx_word' id='word_1_643' title='bbox 2045 3603 2256 3676; x_wconf 76' lang='lat' dir='ltr'><strong>(Matth.</strong></span> <span class='ocrx_word' id='word_1_644' title='bbox 2291 3605 2393 3673; x_wconf 81' lang='lat' dir='ltr'><strong>vi),</strong></span> <span class='ocrx_word' id='word_1_645' title='bbox 2412 3611 2468 3658; x_wconf 90' lang='lat' dir='ltr'><strong>et</strong></span> <span class='ocrx_word' id='word_1_646' title='bbox 2497 3604 2549 3658; x_wconf 92' lang='lat' dir='ltr'><strong>in</strong></span> <span class='ocrx_word' id='word_1_647' title='bbox 2572 3604 2658 3658; x_wconf 91' lang='lat' dir='ltr'><strong>via</strong></span> <span class='ocrx_word' id='word_1_648' title='bbox 2680 3605 3018 3661; x_wconf 86' lang='lat' dir='ltr'><strong>immaculata</strong></span> <span class='ocrx_word' id='word_1_649' title='bbox 3043 3608 3226 3663; x_wconf 89' lang='lat' dir='ltr'><strong>venies</strong></span> <span class='ocrx_word' id='word_1_650' title='bbox 3250 3608 3315 3663; x_wconf 87' lang='lat' dir='ltr'><strong>ad</strong></span> <span class='ocrx_word' id='word_1_651' title='bbox 3340 3623 3444 3663; x_wconf 89' lang='lat' dir='ltr'><strong>me.</strong></span> 
     </span>
    </p>
   </div>
   <div class='ocr_carea' id='block_1_81' title="bbox 1937 3789 3449 3861">
    <p class='ocr_par' dir='ltr' id='par_1_81' title="bbox 1937 3789 3449 3861">
     <span class='ocr_line' id='line_1_81' title="bbox 1937 3789 3449 3861; baseline 0.004 -19"><span class='ocrx_word' id='word_1_652' title='bbox 1937 3789 2191 3856; x_wconf 84' lang='lat' dir='ltr'><strong>Quoniam</strong></span> <span class='ocrx_word' id='word_1_653' title='bbox 2235 3792 2452 3860; x_wconf 78' lang='lat' dir='ltr'><strong>suscepti</strong></span> <span class='ocrx_word' id='word_1_654' title='bbox 2491 3791 2658 3861; x_wconf 85' lang='lat' dir='ltr'><strong>aperis</strong></span> <span class='ocrx_word' id='word_1_655' title='bbox 2689 3792 2955 3858; x_wconf 83' lang='lat' dir='ltr'><strong>plenitudo</strong></span> <span class='ocrx_word' id='word_1_656' title='bbox 2985 3793 3164 3847; x_wconf 83' lang='lat' dir='ltr'><strong>devoto</strong></span> <span class='ocrx_word' id='word_1_657' title='bbox 3195 3804 3242 3848; x_wconf 92' lang='lat' dir='ltr'><strong>et</strong></span> <span class='ocrx_word' id='word_1_658' title='bbox 3283 3793 3449 3848; x_wconf 85' lang='lat' dir='ltr'><strong>debito</strong></span> 
     </span>
    </p>
   </div>
   <div class='ocr_carea' id='block_1_82' title="bbox 1860 3882 3448 3958">
    <p class='ocr_par' dir='ltr' id='par_1_82' title="bbox 1860 3882 3448 3958">
     <span class='ocr_line' id='line_1_82' title="bbox 1860 3882 3448 3958; baseline 0.001 -22"><span class='ocrx_word' id='word_1_659' title='bbox 1860 3893 2125 3954; x_wconf 84' lang='lat' dir='ltr'><strong>prapterea</strong></span> <span class='ocrx_word' id='word_1_660' title='bbox 2155 3882 2255 3951; x_wconf 83' lang='lat' dir='ltr'><strong>ﬁne</strong></span> <span class='ocrx_word' id='word_1_661' title='bbox 2285 3883 2542 3948; x_wconf 83' lang='lat' dir='ltr'><strong>concludi,</strong></span> <span class='ocrx_word' id='word_1_662' title='bbox 2575 3893 2619 3937; x_wconf 91' lang='lat' dir='ltr'><strong>et</strong></span> <span class='ocrx_word' id='word_1_663' title='bbox 2657 3883 2851 3951; x_wconf 74' lang='lat' dir='ltr'><strong>di/fusa</strong></span> <span class='ocrx_word' id='word_1_664' title='bbox 2880 3885 3035 3938; x_wconf 88' lang='lat' dir='ltr'><strong>latius</strong></span> <span class='ocrx_word' id='word_1_665' title='bbox 3066 3886 3448 3958; x_wconf 86' lang='lat' dir='ltr'><strong>multipliciter-</strong></span> 
     </span>
    </p>
   </div>
   <div class='ocr_carea' id='block_1_83' title="bbox 1860 3979 3440 4052">
    <p class='ocr_par' dir='ltr' id='par_1_83' title="bbox 1860 3979 3440 4052">
     <span class='ocr_line' id='line_1_83' title="bbox 1860 3979 3440 4052; baseline 0.001 -22"><span class='ocrx_word' id='word_1_666' title='bbox 1860 3993 1957 4046; x_wconf 88' lang='lat' dir='ltr'><strong>que</strong></span> <span class='ocrx_word' id='word_1_667' title='bbox 2005 3979 2233 4050; x_wconf 87' lang='lat' dir='ltr'><strong>digesta,</strong></span> <span class='ocrx_word' id='word_1_668' title='bbox 2280 3995 2394 4031; x_wconf 87' lang='lat' dir='ltr'><strong>cum</strong></span> <span class='ocrx_word' id='word_1_669' title='bbox 2437 3979 2727 4048; x_wconf 72' lang='lat' dir='ltr'><strong>difficultate</strong></span> <span class='ocrx_word' id='word_1_670' title='bbox 2771 3981 3004 4033; x_wconf 79' lang='lat' dir='ltr'><strong>novimus</strong></span> <span class='ocrx_word' id='word_1_671' title='bbox 3041 3980 3440 4052; x_wconf 83' lang='lat' dir='ltr'><strong>comprehendi,</strong></span> 
     </span>
    </p>
   </div>
   <div class='ocr_carea' id='block_1_84' title="bbox 1861 4072 3448 4145">
    <p class='ocr_par' dir='ltr' id='par_1_84' title="bbox 1861 4072 3448 4145">
     <span class='ocr_line' id='line_1_84' title="bbox 1861 4072 3448 4145; baseline 0.002 -22"><span class='ocrx_word' id='word_1_672' title='bbox 1861 4072 1983 4139; x_wconf 88' lang='lat' dir='ltr'><strong>quia</strong></span> <span class='ocrx_word' id='word_1_673' title='bbox 2007 4087 2096 4124; x_wconf 89' lang='lat' dir='ltr'><strong>nec</strong></span> <span class='ocrx_word' id='word_1_674' title='bbox 2125 4081 2414 4138; x_wconf 85' lang='lat' dir='ltr'><strong>competens</strong></span> <span class='ocrx_word' id='word_1_675' title='bbox 2453 4074 2643 4125; x_wconf 86' lang='lat' dir='ltr'><strong>cunctis</strong></span> <span class='ocrx_word' id='word_1_676' title='bbox 2692 4075 2935 4126; x_wconf 85' lang='lat' dir='ltr'><strong>memoria</strong></span> <span class='ocrx_word' id='word_1_677' title='bbox 2981 4073 3320 4145; x_wconf 71' lang='lat' dir='ltr'><strong>su/fragatur,</strong></span> <span class='ocrx_word' id='word_1_678' title='bbox 3359 4091 3448 4127; x_wconf 90' lang='lat' dir='ltr'><strong>nec</strong></span> 
     </span>
    </p>
   </div>
   <div class='ocr_carea' id='block_1_85' title="bbox 1863 4161 3454 4234">
    <p class='ocr_par' dir='ltr' id='par_1_85' title="bbox 1863 4161 3454 4234">
     <span class='ocr_line' id='line_1_85' title="bbox 1863 4161 3454 4234; baseline 0.001 -18"><span class='ocrx_word' id='word_1_679' title='bbox 1863 4163 2025 4216; x_wconf 84' lang='lat' dir='ltr'><strong>relata</strong></span> <span class='ocrx_word' id='word_1_680' title='bbox 2061 4161 2211 4215; x_wconf 82' lang='lat' dir='ltr'><strong>rebus</strong></span> <span class='ocrx_word' id='word_1_681' title='bbox 2265 4163 2482 4231; x_wconf 83' lang='lat' dir='ltr'><strong>singulis</strong></span> <span class='ocrx_word' id='word_1_682' title='bbox 2522 4162 2635 4215; x_wconf 90' lang='lat' dir='ltr'><strong>loca</strong></span> <span class='ocrx_word' id='word_1_683' title='bbox 2688 4163 2834 4216; x_wconf 78' lang='lat' dir='ltr'><strong>velox</strong></span> <span class='ocrx_word' id='word_1_684' title='bbox 2885 4165 3098 4217; x_wconf 85' lang='lat' dir='ltr'><strong>intentio</strong></span> <span class='ocrx_word' id='word_1_685' title='bbox 3139 4166 3321 4234; x_wconf 87' lang='lat' dir='ltr'><strong>poterit</strong></span> <span class='ocrx_word' id='word_1_686' title='bbox 3369 4181 3454 4218; x_wconf 86' lang='lat' dir='ltr'><strong>co-</strong></span> 
     </span>
    </p>
   </div>
   <div class='ocr_carea' id='block_1_86' title="bbox 1869 4254 3457 4322">
    <p class='ocr_par' dir='ltr' id='par_1_86' title="bbox 1869 4254 3457 4322">
     <span class='ocr_line' id='line_1_86' title="bbox 1869 4254 3457 4322; baseline 0.001 -17"><span class='ocrx_word' id='word_1_687' title='bbox 1869 4260 2073 4320; x_wconf 87' lang='lat' dir='ltr'><strong>aptare,</strong></span> <span class='ocrx_word' id='word_1_688' title='bbox 2123 4254 2426 4305; x_wconf 83' lang='lat' dir='ltr'><strong>necessariis</strong></span> <span class='ocrx_word' id='word_1_689' title='bbox 2457 4254 2708 4322; x_wconf 85' lang='lat' dir='ltr'><strong>agendum</strong></span> <span class='ocrx_word' id='word_1_690' title='bbox 2741 4254 2977 4307; x_wconf 72' lang='lat' dir='ltr'><strong>existimo</strong></span> <span class='ocrx_word' id='word_1_691' title='bbox 3020 4255 3362 4322; x_wconf 78' lang='lat' dir='ltr'><strong>compendiis,</strong></span> <span class='ocrx_word' id='word_1_692' title='bbox 3403 4266 3457 4307; x_wconf 92' lang='lat' dir='ltr'><strong>ut</strong></span> 
     </span>
    </p>
   </div>
   <div class='ocr_carea' id='block_1_87' title="bbox 1870 4325 3459 4410">
    <p class='ocr_par' dir='ltr' id='par_1_87' title="bbox 1870 4325 3459 4410">
     <span class='ocr_line' id='line_1_87' title="bbox 1870 4325 3459 4410; baseline 0.002 -15"><span class='ocrx_word' id='word_1_693' title='bbox 1870 4345 2026 4396; x_wconf 84' lang='lat' dir='ltr'><strong>totius</strong></span> <span class='ocrx_word' id='word_1_694' title='bbox 2049 4343 2168 4396; x_wconf 85' lang='lat' dir='ltr'><strong>libri</strong></span> <span class='ocrx_word' id='word_1_695' title='bbox 2192 4345 2494 4397; x_wconf 84' lang='lat' dir='ltr'><strong>auctoritate</strong></span> <span class='ocrx_word' id='word_1_696' title='bbox 2515 4345 2756 4410; x_wconf 88' lang='lat' dir='ltr'><strong>decursa,</strong></span> <span class='ocrx_word' id='word_1_697' title='bbox 2781 4344 3121 4396; x_wconf 84' lang='lat' dir='ltr'><strong>conclusionis</strong></span> <span class='ocrx_word' id='word_1_698' title='bbox 3143 4325 3296 4398; x_wconf 83' lang='lat' dir='ltr'><strong>series</strong></span> <span class='ocrx_word' id='word_1_699' title='bbox 3324 4344 3459 4398; x_wconf 83' lang='lat' dir='ltr'><strong>brevi</strong></span> 
     </span>
    </p>
   </div>
   <div class='ocr_carea' id='block_1_88' title="bbox 1871 4434 3454 4506">
    <p class='ocr_par' dir='ltr' id='par_1_88' title="bbox 1871 4434 3454 4506">
     <span class='ocr_line' id='line_1_88' title="bbox 1871 4434 3454 4506; baseline 0.001 -18"><span class='ocrx_word' id='word_1_700' title='bbox 1871 4435 2294 4504; x_wconf 84' lang='lat' dir='ltr'><strong>recapitulatione</strong></span> <span class='ocrx_word' id='word_1_701' title='bbox 2321 4434 2505 4487; x_wconf 84' lang='lat' dir='ltr'><strong>iterum</strong></span> <span class='ocrx_word' id='word_1_702' title='bbox 2538 4435 2796 4488; x_wconf 84' lang='lat' dir='ltr'><strong>evolvatur</strong></span> <span class='ocrx_word' id='word_1_703' title='bbox 2835 4434 3091 4488; x_wconf 85' lang='lat' dir='ltr'><strong>insinuata</strong></span> <span class='ocrx_word' id='word_1_704' title='bbox 3141 4453 3230 4506; x_wconf 85' lang='lat' dir='ltr'><strong>per</strong></span> <span class='ocrx_word' id='word_1_705' title='bbox 3259 4444 3454 4505; x_wconf 87' lang='lat' dir='ltr'><strong>partes,</strong></span> 
     </span>
    </p>
   </div>
   <div class='ocr_carea' id='block_1_89' title="bbox 1874 4524 3459 4594">
    <p class='ocr_par' dir='ltr' id='par_1_89' title="bbox 1874 4524 3459 4594">
     <span class='ocr_line' id='line_1_89' title="bbox 1874 4524 3459 4594; baseline 0.001 -17"><span class='ocrx_word' id='word_1_706' title='bbox 1874 4531 1932 4578; x_wconf 89' lang='lat' dir='ltr'><strong>ut</strong></span> <span class='ocrx_word' id='word_1_707' title='bbox 1985 4525 2214 4577; x_wconf 91' lang='lat' dir='ltr'><strong>omnium</strong></span> <span class='ocrx_word' id='word_1_708' title='bbox 2251 4525 2476 4594; x_wconf 88' lang='lat' dir='ltr'><strong>quinque</strong></span> <span class='ocrx_word' id='word_1_709' title='bbox 2520 4524 2766 4578; x_wconf 88' lang='lat' dir='ltr'><strong>librorum</strong></span> <span class='ocrx_word' id='word_1_710' title='bbox 2807 4533 2970 4578; x_wconf 79' lang='lat' dir='ltr'><strong>textus</strong></span> <span class='ocrx_word' id='word_1_711' title='bbox 3019 4543 3118 4579; x_wconf 90' lang='lat' dir='ltr'><strong>uno</strong></span> <span class='ocrx_word' id='word_1_712' title='bbox 3163 4527 3459 4580; x_wconf 89' lang='lat' dir='ltr'><strong>summatim</strong></span> 
     </span>
    </p>
   </div>
   <div class='ocr_carea' id='block_1_90' title="bbox 188 4610 3452 4694">
    <p class='ocr_par' dir='ltr' id='par_1_90' title="bbox 188 4610 3452 4694">
     <span class='ocr_line' id='line_1_90' title="bbox 188 4610 3452 4694; baseline -0.004 -20"><span class='ocrx_word' id='word_1_713' title='bbox 188 4619 498 4674; x_wconf 89' lang='lat' dir='ltr'><strong>Divinitatis</strong></span> <span class='ocrx_word' id='word_1_714' title='bbox 511 4618 708 4673; x_wconf 87' lang='lat' dir='ltr'><strong>Christi</strong></span> <span class='ocrx_word' id='word_1_715' title='bbox 734 4615 1115 4687; x_wconf 59' lang='lat' dir='ltr'><strong>praedicatione</strong></span> <span class='ocrx_word' id='word_1_716' title='bbox 1145 4614 1442 4685; x_wconf 70' lang='lat' dir='ltr'><strong>praemissa,</strong></span> <span class='ocrx_word' id='word_1_717' title='bbox 1472 4610 1764 4667; x_wconf 89' lang='lat' dir='ltr'><strong>secundum</strong></span> <span class='ocrx_word' id='word_1_718' title='bbox 1798 4635 1853 4694; x_wconf 70' lang='grc' dir='ltr'><strong><em>Β</em></strong></span> <span class='ocrx_word' id='word_1_719' title='bbox 1877 4617 1988 4670; x_wconf 83' lang='lat' dir='ltr'><strong>loco</strong></span> <span class='ocrx_word' id='word_1_720' title='bbox 2013 4617 2204 4669; x_wconf 87' lang='lat' dir='ltr'><strong>clareat</strong></span> <span class='ocrx_word' id='word_1_721' title='bbox 2232 4615 2506 4683; x_wconf 79' lang='lat' dir='ltr'><strong>deﬁnitus,</strong></span> <span class='ocrx_word' id='word_1_722' title='bbox 2547 4631 2661 4668; x_wconf 89' lang='lat' dir='ltr'><strong>cum</strong></span> <span class='ocrx_word' id='word_1_723' title='bbox 2690 4625 2740 4668; x_wconf 85' lang='lat' dir='ltr'><strong>et</strong></span> <span class='ocrx_word' id='word_1_724' title='bbox 2768 4615 3089 4683; x_wconf 85' lang='lat' dir='ltr'><strong>partitionem</strong></span> <span class='ocrx_word' id='word_1_725' title='bbox 3119 4617 3305 4687; x_wconf 79' lang='lat' dir='ltr'><strong>recepit</strong></span> <span class='ocrx_word' id='word_1_726' title='bbox 3346 4617 3452 4670; x_wconf 64' lang='lat' dir='ltr'><strong>si&quot;.</strong></span> 
     </span>
    </p>
   </div>
   <div class='ocr_carea' id='block_1_91' title="bbox 187 4707 1769 4782">
    <p class='ocr_par' dir='ltr' id='par_1_91' title="bbox 187 4707 1769 4782">
     <span class='ocr_line' id='line_1_91' title="bbox 187 4707 1769 4782; baseline -0.005 -16"><span class='ocrx_word' id='word_1_727' title='bbox 187 4712 340 4782; x_wconf 84' lang='lat' dir='ltr'><strong>quod</strong></span> <span class='ocrx_word' id='word_1_728' title='bbox 389 4713 588 4768; x_wconf 89' lang='lat' dir='ltr'><strong>dudum</strong></span> <span class='ocrx_word' id='word_1_729' title='bbox 618 4710 862 4780; x_wconf 83' lang='lat' dir='ltr'><strong>exposui,</strong></span> <span class='ocrx_word' id='word_1_730' title='bbox 904 4709 1134 4764; x_wconf 79' lang='lat' dir='ltr'><strong>formam</strong></span> <span class='ocrx_word' id='word_1_731' title='bbox 1178 4721 1389 4777; x_wconf 89' lang='lat' dir='ltr'><strong>quoque</strong></span> <span class='ocrx_word' id='word_1_732' title='bbox 1418 4707 1558 4761; x_wconf 86' lang='lat' dir='ltr'><strong>servi</strong></span> <span class='ocrx_word' id='word_1_733' title='bbox 1609 4718 1769 4774; x_wconf 91' lang='lat' dir='ltr'><strong>quam</strong></span> 
     </span>
    </p>
   </div>
   <div class='ocr_carea' id='block_1_92' title="bbox 188 4798 1771 4874">
    <p class='ocr_par' dir='ltr' id='par_1_92' title="bbox 188 4798 1771 4874">
     <span class='ocr_line' id='line_1_92' title="bbox 188 4798 1771 4874; baseline -0.005 -16"><span class='ocrx_word' id='word_1_734' title='bbox 188 4821 290 4874; x_wconf 91' lang='lat' dir='ltr'><strong>pro</strong></span> <span class='ocrx_word' id='word_1_735' title='bbox 318 4804 470 4859; x_wconf 92' lang='lat' dir='ltr'><strong>nobis</strong></span> <span class='ocrx_word' id='word_1_736' title='bbox 496 4803 805 4873; x_wconf 88' lang='lat' dir='ltr'><strong>assumpsit,</strong></span> <span class='ocrx_word' id='word_1_737' title='bbox 836 4801 1111 4872; x_wconf 72' lang='lat' dir='ltr'><strong>praedicat,</strong></span> <span class='ocrx_word' id='word_1_738' title='bbox 1135 4800 1358 4856; x_wconf 90' lang='lat' dir='ltr'><strong>dicens:</strong></span> <span class='ocrx_word' id='word_1_739' title='bbox 1391 4798 1502 4869; x_wconf 79' lang='lat' dir='ltr'><strong>Ego</strong></span> <span class='ocrx_word' id='word_1_740' title='bbox 1543 4813 1656 4852; x_wconf 84' lang='lat' dir='ltr'><strong>sum</strong></span> <span class='ocrx_word' id='word_1_741' title='bbox 1686 4813 1771 4850; x_wconf 87' lang='lat' dir='ltr'><strong>ra-</strong></span> 
     </span>
    </p>
   </div>
   <div class='ocr_carea' id='block_1_93' title="bbox 188 4887 1771 4966">
    <p class='ocr_par' dir='ltr' id='par_1_93' title="bbox 188 4887 1771 4966">
     <span class='ocr_line' id='line_1_93' title="bbox 188 4887 1771 4966; baseline -0.006 -15"><span class='ocrx_word' id='word_1_742' title='bbox 188 4898 284 4951; x_wconf 72' lang='lat' dir='ltr'><strong>dix</strong></span> <span class='ocrx_word' id='word_1_743' title='bbox 308 4906 355 4950; x_wconf 92' lang='lat' dir='ltr'><strong>et</strong></span> <span class='ocrx_word' id='word_1_744' title='bbox 387 4913 544 4966; x_wconf 88' lang='lat' dir='ltr'><strong>genus</strong></span> <span class='ocrx_word' id='word_1_745' title='bbox 566 4897 759 4963; x_wconf 83' lang='lat' dir='ltr'><strong>Dauid,</strong></span> <span class='ocrx_word' id='word_1_746' title='bbox 785 4895 934 4952; x_wconf 81' lang='lat' dir='ltr'><strong>stella</strong></span> <span class='ocrx_word' id='word_1_747' title='bbox 962 4894 1232 4966; x_wconf 85' lang='lat' dir='ltr'><strong>splendida</strong></span> <span class='ocrx_word' id='word_1_748' title='bbox 1261 4893 1310 4947; x_wconf 75' lang='lat' dir='ltr'><strong>et</strong></span> <span class='ocrx_word' id='word_1_749' title='bbox 1339 4893 1609 4946; x_wconf 87' lang='lat' dir='ltr'><strong>matutina.</strong></span> <span class='ocrx_word' id='word_1_750' title='bbox 1637 4887 1771 4943; x_wconf 81' lang='lat' dir='ltr'><strong>Novi</strong></span> 
     </span>
    </p>
   </div>
   <div class='ocr_carea' id='block_1_94' title="bbox 192 4981 1775 5058">
    <p class='ocr_par' dir='ltr' id='par_1_94' title="bbox 192 4981 1775 5058">
     <span class='ocr_line' id='line_1_94' title="bbox 192 4981 1775 5058; baseline -0.005 -14"><span class='ocrx_word' id='word_1_751' title='bbox 192 4989 533 5044; x_wconf 87' lang='lat' dir='ltr'><strong>&#39;l&#39;estamenti</strong></span> <span class='ocrx_word' id='word_1_752' title='bbox 565 4989 735 5058; x_wconf 85' lang='lat' dir='ltr'><strong>gratia</strong></span> <span class='ocrx_word' id='word_1_753' title='bbox 764 4987 1090 5054; x_wconf 75' lang='lat' dir='ltr'><strong>refulgente,</strong></span> <span class='ocrx_word' id='word_1_754' title='bbox 1131 4985 1317 5054; x_wconf 65' lang='lat' dir='ltr'><strong>primas</strong></span> <span class='ocrx_word' id='word_1_755' title='bbox 1365 4981 1775 5039; x_wconf 86' lang='lat' dir='ltr'><strong>resurrectionis</strong></span> 
     </span>
    </p>
   </div>
   <div class='ocr_carea' id='block_1_95' title="bbox 195 5078 1777 5152">
    <p class='ocr_par' dir='ltr' id='par_1_95' title="bbox 195 5078 1777 5152">
     <span class='ocr_line' id='line_1_95' title="bbox 195 5078 1777 5152; baseline -0.006 -15"><span class='ocrx_word' id='word_1_756' title='bbox 195 5095 414 5152; x_wconf 87' lang='lat' dir='ltr'><strong>tempus</strong></span> <span class='ocrx_word' id='word_1_757' title='bbox 443 5082 700 5148; x_wconf 90' lang='lat' dir='ltr'><strong>ostendit,</strong></span> <span class='ocrx_word' id='word_1_758' title='bbox 733 5079 946 5150; x_wconf 89' lang='lat' dir='ltr'><strong>quando</strong></span> <span class='ocrx_word' id='word_1_759' title='bbox 983 5078 1228 5136; x_wconf 88' lang='lat' dir='ltr'><strong>Christus</strong></span> <span class='ocrx_word' id='word_1_760' title='bbox 1255 5094 1286 5133; x_wconf 88' lang='lat' dir='ltr'><strong>a</strong></span> <span class='ocrx_word' id='word_1_761' title='bbox 1327 5078 1554 5132; x_wconf 91' lang='lat' dir='ltr'><strong>mortuis</strong></span> <span class='ocrx_word' id='word_1_762' title='bbox 1595 5089 1777 5130; x_wconf 85' lang='lat' dir='ltr'><strong>resur-</strong></span> 
     </span>
    </p>
   </div>
   <div class='ocr_carea' id='block_1_96' title="bbox 192 5167 1775 5244">
    <p class='ocr_par' dir='ltr' id='par_1_96' title="bbox 192 5167 1775 5244">
     <span class='ocr_line' id='line_1_96' title="bbox 192 5167 1775 5244; baseline -0.006 -14"><span class='ocrx_word' id='word_1_763' title='bbox 192 5175 360 5231; x_wconf 82' lang='lat' dir='ltr'><strong>rexit.</strong></span> <span class='ocrx_word' id='word_1_764' title='bbox 397 5174 528 5229; x_wconf 87' lang='lat' dir='ltr'><strong>Hinc</strong></span> <span class='ocrx_word' id='word_1_765' title='bbox 569 5172 791 5244; x_wconf 81' lang='lat' dir='ltr'><strong>legimus</strong></span> <span class='ocrx_word' id='word_1_766' title='bbox 835 5169 1009 5241; x_wconf 84' lang='lat' dir='ltr'><strong>(Psal.</strong></span> <span class='ocrx_word' id='word_1_767' title='bbox 1054 5175 1245 5237; x_wconf 82' lang='lat' dir='ltr'><strong>cxxrx)</strong></span> <span class='ocrx_word' id='word_1_768' title='bbox 1276 5169 1357 5224; x_wconf 77' lang='lat' dir='ltr'><strong>:A</strong></span> <span class='ocrx_word' id='word_1_769' title='bbox 1389 5167 1565 5237; x_wconf 84' lang='lat' dir='ltr'><strong>vigilia</strong></span> <span class='ocrx_word' id='word_1_770' title='bbox 1595 5176 1775 5221; x_wconf 85' lang='lat' dir='ltr'><strong>matu-</strong></span> 
     </span>
    </p>
   </div>
   <div class='ocr_carea' id='block_1_97' title="bbox 193 5255 1776 5336">
    <p class='ocr_par' dir='ltr' id='par_1_97' title="bbox 193 5255 1776 5336">
     <span class='ocr_line' id='line_1_97' title="bbox 193 5255 1776 5336; baseline -0.006 -16"><span class='ocrx_word' id='word_1_771' title='bbox 193 5267 309 5321; x_wconf 83' lang='lat' dir='ltr'><strong>tina</strong></span> <span class='ocrx_word' id='word_1_772' title='bbox 343 5281 509 5336; x_wconf 92' lang='lat' dir='ltr'><strong>usque</strong></span> <span class='ocrx_word' id='word_1_773' title='bbox 562 5265 627 5320; x_wconf 90' lang='lat' dir='ltr'><strong>ad</strong></span> <span class='ocrx_word' id='word_1_774' title='bbox 659 5273 869 5320; x_wconf 90' lang='lat' dir='ltr'><strong>noctem</strong></span> <span class='ocrx_word' id='word_1_775' title='bbox 917 5269 1098 5332; x_wconf 90' lang='lat' dir='ltr'><strong>speret</strong></span> <span class='ocrx_word' id='word_1_776' title='bbox 1127 5260 1290 5316; x_wconf 87' lang='lat' dir='ltr'><strong>Israel</strong></span> <span class='ocrx_word' id='word_1_777' title='bbox 1330 5260 1382 5314; x_wconf 93' lang='lat' dir='ltr'><strong>in</strong></span> <span class='ocrx_word' id='word_1_778' title='bbox 1412 5259 1660 5313; x_wconf 90' lang='lat' dir='ltr'><strong>Domino.</strong></span> <span class='ocrx_word' id='word_1_779' title='bbox 1707 5255 1776 5311; x_wconf 87' lang='lat' dir='ltr'><strong>Et</strong></span> 
     </span>
    </p>
   </div>
   <div class='ocr_carea' id='block_1_98' title="bbox 195 5348 1777 5427">
    <p class='ocr_par' dir='ltr' id='par_1_98' title="bbox 195 5348 1777 5427">
     <span class='ocr_line' id='line_1_98' title="bbox 195 5348 1777 5427; baseline -0.004 -18"><span class='ocrx_word' id='word_1_780' title='bbox 195 5357 417 5427; x_wconf 85' lang='lat' dir='ltr'><strong>spiritus</strong></span> <span class='ocrx_word' id='word_1_781' title='bbox 440 5366 488 5411; x_wconf 89' lang='lat' dir='ltr'><strong>et</strong></span> <span class='ocrx_word' id='word_1_782' title='bbox 517 5371 649 5411; x_wconf 88' lang='lat' dir='ltr'><strong>nova</strong></span> <span class='ocrx_word' id='word_1_783' title='bbox 683 5366 842 5426; x_wconf 84' lang='lat' dir='ltr'><strong>nupta</strong></span> <span class='ocrx_word' id='word_1_784' title='bbox 873 5354 1086 5418; x_wconf 87' lang='lat' dir='ltr'><strong>dicunt,</strong></span> <span class='ocrx_word' id='word_1_785' title='bbox 1119 5351 1362 5405; x_wconf 90' lang='lat' dir='ltr'><strong>Christus</strong></span> <span class='ocrx_word' id='word_1_786' title='bbox 1385 5357 1439 5405; x_wconf 90' lang='lat' dir='ltr'><strong>et</strong></span> <span class='ocrx_word' id='word_1_787' title='bbox 1480 5348 1720 5403; x_wconf 87' lang='lat' dir='ltr'><strong>Ecclesia</strong></span> <span class='ocrx_word' id='word_1_788' title='bbox 1762 5366 1777 5403; x_wconf 88' lang='lat'><strong>:</strong></span> 
     </span>
    </p>
   </div>
   <div class='ocr_carea' id='block_1_99' title="bbox 197 5439 1784 5519">
    <p class='ocr_par' dir='ltr' id='par_1_99' title="bbox 197 5439 1784 5519">
     <span class='ocr_line' id='line_1_99' title="bbox 197 5439 1784 5519; baseline -0.004 -18"><span class='ocrx_word' id='word_1_789' title='bbox 197 5445 587 5513; x_wconf 85' lang='lat' dir='ltr'><strong>Exhortamur,</strong></span> <span class='ocrx_word' id='word_1_790' title='bbox 617 5451 750 5519; x_wconf 84' lang='lat' dir='ltr'><strong>Age.</strong></span> <span class='ocrx_word' id='word_1_791' title='bbox 787 5446 853 5501; x_wconf 84' lang='lat' dir='ltr'><strong>Et</strong></span> <span class='ocrx_word' id='word_1_792' title='bbox 877 5445 920 5499; x_wconf 91' lang='lat' dir='ltr'><strong>is</strong></span> <span class='ocrx_word' id='word_1_793' title='bbox 936 5446 1022 5515; x_wconf 86' lang='lat' dir='ltr'><strong>qui</strong></span> <span class='ocrx_word' id='word_1_794' title='bbox 1037 5444 1203 5512; x_wconf 88' lang='lat' dir='ltr'><strong>audit,</strong></span> <span class='ocrx_word' id='word_1_795' title='bbox 1228 5443 1363 5497; x_wconf 85' lang='lat' dir='ltr'><strong>dicat</strong></span> <span class='ocrx_word' id='word_1_796' title='bbox 1388 5456 1408 5496; x_wconf 91' lang='lat'><strong><em>:</em></strong></span> <span class='ocrx_word' id='word_1_797' title='bbox 1436 5439 1584 5496; x_wconf 83' lang='lat' dir='ltr'><strong>Veni.</strong></span> <span class='ocrx_word' id='word_1_798' title='bbox 1607 5439 1784 5508; x_wconf 85' lang='lat' dir='ltr'><strong>Seque</strong></span> 
     </span>
    </p>
   </div>
   <div class='ocr_carea' id='block_1_100' title="bbox 197 5531 1782 5610">
    <p class='ocr_par' dir='ltr' id='par_1_100' title="bbox 197 5531 1782 5610">
     <span class='ocr_line' id='line_1_100' title="bbox 197 5531 1782 5610; baseline -0.006 -16"><span class='ocrx_word' id='word_1_799' title='bbox 197 5556 484 5610; x_wconf 84' lang='lat' dir='ltr'><strong>exponens</strong></span> <span class='ocrx_word' id='word_1_800' title='bbox 512 5541 691 5610; x_wconf 87' lang='lat' dir='ltr'><strong>pandit</strong></span> <span class='ocrx_word' id='word_1_801' title='bbox 710 5555 819 5595; x_wconf 69' lang='lat' dir='ltr'><strong>sua:</strong></span> <span class='ocrx_word' id='word_1_802' title='bbox 833 5537 1225 5594; x_wconf 88' lang='lat' dir='ltr'><strong>exhortationis</strong></span> <span class='ocrx_word' id='word_1_803' title='bbox 1249 5534 1522 5604; x_wconf 75' lang='lat' dir='ltr'><strong>allectum,</strong></span> <span class='ocrx_word' id='word_1_804' title='bbox 1545 5531 1782 5588; x_wconf 88' lang='lat' dir='ltr'><strong>etdicit:</strong></span> 
     </span>
    </p>
   </div>
   <div class='ocr_carea' id='block_1_101' title="bbox 201 5627 1790 5702">
    <p class='ocr_par' dir='ltr' id='par_1_101' title="bbox 201 5627 1790 5702">
     <span class='ocr_line' id='line_1_101' title="bbox 201 5627 1790 5702; baseline -0.007 -15"><span class='ocrx_word' id='word_1_805' title='bbox 201 5633 274 5687; x_wconf 80' lang='lat' dir='ltr'><strong>Et</strong></span> <span class='ocrx_word' id='word_1_806' title='bbox 305 5635 393 5702; x_wconf 87' lang='lat' dir='ltr'><strong>qui</strong></span> <span class='ocrx_word' id='word_1_807' title='bbox 415 5634 520 5685; x_wconf 88' lang='lat' dir='ltr'><strong>sitit</strong></span> <span class='ocrx_word' id='word_1_808' title='bbox 542 5633 706 5697; x_wconf 82' lang='lat' dir='ltr'><strong>veniat</strong></span> <span class='ocrx_word' id='word_1_809' title='bbox 731 5641 786 5686; x_wconf 91' lang='lat' dir='ltr'><strong>et</strong></span> <span class='ocrx_word' id='word_1_810' title='bbox 811 5632 987 5697; x_wconf 88' lang='lat' dir='ltr'><strong>bibat;</strong></span> <span class='ocrx_word' id='word_1_811' title='bbox 1017 5639 1064 5685; x_wconf 92' lang='lat' dir='ltr'><strong>et</strong></span> <span class='ocrx_word' id='word_1_812' title='bbox 1090 5629 1179 5700; x_wconf 86' lang='lat' dir='ltr'><strong>qui</strong></span> <span class='ocrx_word' id='word_1_813' title='bbox 1210 5627 1335 5694; x_wconf 79' lang='lat' dir='ltr'><strong>vult,</strong></span> <span class='ocrx_word' id='word_1_814' title='bbox 1365 5627 1582 5692; x_wconf 88' lang='lat' dir='ltr'><strong>accipiat</strong></span> <span class='ocrx_word' id='word_1_815' title='bbox 1609 5639 1790 5694; x_wconf 78' lang='lat' dir='ltr'><strong>aquam</strong></span> 
     </span>
    </p>
   </div>
   <div class='ocr_carea' id='block_1_102' title="bbox 201 5716 1792 5795">
    <p class='ocr_par' dir='ltr' id='par_1_102' title="bbox 201 5716 1792 5795">
     <span class='ocr_line' id='line_1_102' title="bbox 201 5716 1792 5795; baseline -0.003 -18"><span class='ocrx_word' id='word_1_816' title='bbox 201 5725 332 5779; x_wconf 72' lang='lat' dir='ltr'><strong>vita:</strong></span> <span class='ocrx_word' id='word_1_817' title='bbox 356 5725 531 5795; x_wconf 79' lang='lat' dir='ltr'><strong>gratis.</strong></span> <span class='ocrx_word' id='word_1_818' title='bbox 563 5723 839 5790; x_wconf 82' lang='lat' dir='ltr'><strong>Quomodo</strong></span> <span class='ocrx_word' id='word_1_819' title='bbox 863 5723 954 5792; x_wconf 88' lang='lat' dir='ltr'><strong>qui</strong></span> <span class='ocrx_word' id='word_1_820' title='bbox 981 5723 1096 5778; x_wconf 89' lang='lat' dir='ltr'><strong>vult</strong></span> <span class='ocrx_word' id='word_1_821' title='bbox 1138 5719 1384 5789; x_wconf 90' lang='lat' dir='ltr'><strong>accipiat,</strong></span> <span class='ocrx_word' id='word_1_822' title='bbox 1431 5733 1550 5773; x_wconf 89' lang='lat' dir='ltr'><strong>cum</strong></span> <span class='ocrx_word' id='word_1_823' title='bbox 1595 5716 1792 5772; x_wconf 88' lang='lat' dir='ltr'><strong>dixerit</strong></span> 
     </span>
    </p>
   </div>
   <div class='ocr_carea' id='block_1_103' title="bbox 205 5807 1787 5890">
    <p class='ocr_par' dir='ltr' id='par_1_103' title="bbox 205 5807 1787 5890">
     <span class='ocr_line' id='line_1_103' title="bbox 205 5807 1787 5890; baseline -0.006 -20"><span class='ocrx_word' id='word_1_824' title='bbox 205 5813 397 5890; x_wconf 84' lang='lat' dir='ltr'><strong>(Ioan.</strong></span> <span class='ocrx_word' id='word_1_825' title='bbox 428 5814 503 5884; x_wconf 84' lang='lat' dir='ltr'><strong>vi)</strong></span> <span class='ocrx_word' id='word_1_826' title='bbox 537 5830 548 5867; x_wconf 92' lang='lat'>:</span> <span class='ocrx_word' id='word_1_827' title='bbox 583 5814 752 5867; x_wconf 80' lang='lat' dir='ltr'><strong>Nemo</strong></span> <span class='ocrx_word' id='word_1_828' title='bbox 778 5813 922 5868; x_wconf 86' lang='lat' dir='ltr'><strong>venit</strong></span> <span class='ocrx_word' id='word_1_829' title='bbox 943 5811 1010 5866; x_wconf 87' lang='lat' dir='ltr'><strong>ad</strong></span> <span class='ocrx_word' id='word_1_830' title='bbox 1055 5827 1162 5879; x_wconf 86' lang='lat' dir='ltr'><strong>me,</strong></span> <span class='ocrx_word' id='word_1_831' title='bbox 1187 5808 1292 5866; x_wconf 82' lang='lat' dir='ltr'><strong>nisi</strong></span> <span class='ocrx_word' id='word_1_832' title='bbox 1315 5809 1496 5874; x_wconf 89' lang='lat' dir='ltr'><strong>Pater,</strong></span> <span class='ocrx_word' id='word_1_833' title='bbox 1521 5808 1612 5879; x_wconf 89' lang='lat' dir='ltr'><strong>qui</strong></span> <span class='ocrx_word' id='word_1_834' title='bbox 1634 5807 1787 5863; x_wconf 89' lang='lat' dir='ltr'><strong>misit</strong></span> 
     </span>
    </p>
   </div>
   <div class='ocr_carea' id='block_1_104' title="bbox 1875 4707 3484 4782">
    <p class='ocr_par' dir='ltr' id='par_1_104' title="bbox 1875 4707 3484 4782">
     <span class='ocr_line' id='line_1_104' title="bbox 1875 4707 3484 4782; baseline -0.001 -20"><span class='ocrx_word' id='word_1_835' title='bbox 1875 4707 2134 4782; x_wconf 88' lang='lat' dir='ltr'><strong>gulorum,</strong></span> <span class='ocrx_word' id='word_1_836' title='bbox 2165 4717 2210 4762; x_wconf 91' lang='lat' dir='ltr'><strong>et</strong></span> <span class='ocrx_word' id='word_1_837' title='bbox 2232 4709 2600 4779; x_wconf 89' lang='lat' dir='ltr'><strong>plenitudinem</strong></span> <span class='ocrx_word' id='word_1_838' title='bbox 2623 4707 2824 4761; x_wconf 87' lang='lat' dir='ltr'><strong>videtur</strong></span> <span class='ocrx_word' id='word_1_839' title='bbox 2847 4708 3068 4761; x_wconf 82' lang='lat' dir='ltr'><strong>obtinere</strong></span> <span class='ocrx_word' id='word_1_840' title='bbox 3097 4726 3184 4777; x_wconf 86' lang='lat' dir='ltr'><strong>per</strong></span> <span class='ocrx_word' id='word_1_841' title='bbox 3207 4718 3388 4761; x_wconf 90' lang='lat' dir='ltr'><strong>totum.</strong></span> <span class='ocrx_word' id='word_1_842' title='bbox 3476 4739 3484 4748; x_wconf 81' lang='lat'>~</span> 
     </span>
    </p>
   </div>
   <div class='ocr_carea' id='block_1_105' title="bbox 1950 4785 3464 4870">
    <p class='ocr_par' dir='ltr' id='par_1_105' title="bbox 1950 4785 3464 4870">
     <span class='ocr_line' id='line_1_105' title="bbox 1950 4785 3464 4870; baseline -0.001 -17"><span class='ocrx_word' id='word_1_843' title='bbox 1950 4799 2014 4853; x_wconf 88' lang='lat' dir='ltr'><strong>In</strong></span> <span class='ocrx_word' id='word_1_844' title='bbox 2043 4810 2232 4868; x_wconf 87' lang='lat' dir='ltr'><strong>septem</strong></span> <span class='ocrx_word' id='word_1_845' title='bbox 2262 4802 2430 4869; x_wconf 86' lang='lat' dir='ltr'><strong>itaque</strong></span> <span class='ocrx_word' id='word_1_846' title='bbox 2456 4785 2652 4870; x_wconf 86' lang='lat' dir='ltr'><strong>angelis</strong></span> <span class='ocrx_word' id='word_1_847' title='bbox 2693 4796 3039 4853; x_wconf 81' lang='lat' dir='ltr'><strong>Ecclesiarum</strong></span> <span class='ocrx_word' id='word_1_848' title='bbox 3082 4797 3310 4862; x_wconf 88' lang='lat' dir='ltr'><strong>totidem,</strong></span> <span class='ocrx_word' id='word_1_849' title='bbox 3345 4799 3464 4851; x_wconf 87' lang='lat' dir='ltr'><strong>uni-</strong></span> 
     </span>
    </p>
   </div>
   <div class='ocr_carea' id='block_1_106' title="bbox 1877 4889 3460 4946">
    <p class='ocr_par' dir='ltr' id='par_1_106' title="bbox 1877 4889 3460 4946">
     <span class='ocr_line' id='line_1_106' title="bbox 1877 4889 3460 4946; baseline -0.004 0"><span class='ocrx_word' id='word_1_850' title='bbox 1877 4892 2088 4946; x_wconf 82' lang='lat' dir='ltr'><strong>versalis</strong></span> <span class='ocrx_word' id='word_1_851' title='bbox 2120 4891 2364 4945; x_wconf 56' lang='lat' dir='ltr'><strong>Ecclesia</strong></span> <span class='ocrx_word' id='word_1_852' title='bbox 2388 4893 2559 4944; x_wconf 87' lang='lat' dir='ltr'><strong>unitas</strong></span> <span class='ocrx_word' id='word_1_853' title='bbox 2590 4907 2707 4944; x_wconf 89' lang='lat' dir='ltr'><strong>cum</strong></span> <span class='ocrx_word' id='word_1_854' title='bbox 2746 4890 3032 4944; x_wconf 85' lang='lat' dir='ltr'><strong>necessaria</strong></span> <span class='ocrx_word' id='word_1_855' title='bbox 3067 4889 3331 4942; x_wconf 82' lang='lat' dir='ltr'><strong>nominum</strong></span> <span class='ocrx_word' id='word_1_856' title='bbox 3371 4889 3460 4940; x_wconf 86' lang='lat' dir='ltr'><strong>in-</strong></span> 
     </span>
    </p>
   </div>
   <div class='ocr_carea' id='block_1_107' title="bbox 1880 4977 3466 5051">
    <p class='ocr_par' dir='ltr' id='par_1_107' title="bbox 1880 4977 3466 5051">
     <span class='ocr_line' id='line_1_107' title="bbox 1880 4977 3466 5051; baseline -0.003 -15"><span class='ocrx_word' id='word_1_857' title='bbox 1880 4983 2204 5051; x_wconf 88' lang='lat' dir='ltr'><strong>terpositione</strong></span> <span class='ocrx_word' id='word_1_858' title='bbox 2247 4982 2572 5047; x_wconf 86' lang='lat' dir='ltr'><strong>describitur,</strong></span> <span class='ocrx_word' id='word_1_859' title='bbox 2621 4997 2774 5051; x_wconf 89' lang='lat' dir='ltr'><strong>quam</strong></span> <span class='ocrx_word' id='word_1_860' title='bbox 2819 4981 2872 5034; x_wconf 91' lang='lat' dir='ltr'><strong>in</strong></span> <span class='ocrx_word' id='word_1_861' title='bbox 2918 4977 3239 5032; x_wconf 86' lang='lat' dir='ltr'><strong>candelabris</strong></span> <span class='ocrx_word' id='word_1_862' title='bbox 3267 4995 3466 5047; x_wconf 84' lang='lat' dir='ltr'><strong>quoque</strong></span> 
     </span>
    </p>
   </div>
   <div class='ocr_carea' id='block_1_108' title="bbox 1879 5071 3467 5141">
    <p class='ocr_par' dir='ltr' id='par_1_108' title="bbox 1879 5071 3467 5141">
     <span class='ocr_line' id='line_1_108' title="bbox 1879 5071 3467 5141; baseline -0.003 -13"><span class='ocrx_word' id='word_1_863' title='bbox 1879 5075 2051 5128; x_wconf 88' lang='lat' dir='ltr'><strong>aureis</strong></span> <span class='ocrx_word' id='word_1_864' title='bbox 2088 5073 2426 5141; x_wconf 82' lang='lat' dir='ltr'><strong>designatum,</strong></span> <span class='ocrx_word' id='word_1_865' title='bbox 2461 5072 2624 5126; x_wconf 86' lang='lat' dir='ltr'><strong>malos</strong></span> <span class='ocrx_word' id='word_1_866' title='bbox 2653 5073 2795 5126; x_wconf 87' lang='lat' dir='ltr'><strong>bonis</strong></span> <span class='ocrx_word' id='word_1_867' title='bbox 2827 5071 2974 5124; x_wconf 86' lang='lat' dir='ltr'><strong>docet</strong></span> <span class='ocrx_word' id='word_1_868' title='bbox 3021 5072 3204 5124; x_wconf 87' lang='lat' dir='ltr'><strong>habere</strong></span> <span class='ocrx_word' id='word_1_869' title='bbox 3242 5072 3467 5138; x_wconf 74' lang='lat' dir='ltr'><strong>permix-</strong></span> 
     </span>
    </p>
   </div>
   <div class='ocr_carea' id='block_1_109' title="bbox 1887 5163 3468 5236">
    <p class='ocr_par' dir='ltr' id='par_1_109' title="bbox 1887 5163 3468 5236">
     <span class='ocr_line' id='line_1_109' title="bbox 1887 5163 3468 5236; baseline -0.003 -16"><span class='ocrx_word' id='word_1_870' title='bbox 1887 5176 1983 5236; x_wconf 89' lang='lat' dir='ltr'><strong>tos,</strong></span> <span class='ocrx_word' id='word_1_871' title='bbox 2010 5181 2220 5236; x_wconf 87' lang='lat' dir='ltr'><strong>quorum</strong></span> <span class='ocrx_word' id='word_1_872' title='bbox 2251 5167 2450 5219; x_wconf 85' lang='lat' dir='ltr'><strong>diversa</strong></span> <span class='ocrx_word' id='word_1_873' title='bbox 2489 5165 2710 5235; x_wconf 86' lang='lat' dir='ltr'><strong>qualitas</strong></span> <span class='ocrx_word' id='word_1_874' title='bbox 2735 5163 2811 5218; x_wconf 85' lang='lat' dir='ltr'><strong>vel</strong></span> <span class='ocrx_word' id='word_1_875' title='bbox 2853 5164 3102 5218; x_wconf 88' lang='lat' dir='ltr'><strong>mulcetur</strong></span> <span class='ocrx_word' id='word_1_876' title='bbox 3131 5163 3367 5217; x_wconf 84' lang='lat' dir='ltr'><strong>laudibus</strong></span> <span class='ocrx_word' id='word_1_877' title='bbox 3399 5163 3468 5216; x_wconf 86' lang='lat' dir='ltr'><strong>ad</strong></span> 
     </span>
    </p>
   </div>
   <div class='ocr_carea' id='block_1_110' title="bbox 1889 5255 3465 5328">
    <p class='ocr_par' dir='ltr' id='par_1_110' title="bbox 1889 5255 3465 5328">
     <span class='ocr_line' id='line_1_110' title="bbox 1889 5255 3465 5328; baseline -0.002 -16"><span class='ocrx_word' id='word_1_878' title='bbox 1889 5259 2202 5328; x_wconf 77' lang='lat' dir='ltr'><strong>profectum,</strong></span> <span class='ocrx_word' id='word_1_879' title='bbox 2258 5256 2337 5310; x_wconf 84' lang='lat' dir='ltr'><strong>uel</strong></span> <span class='ocrx_word' id='word_1_880' title='bbox 2404 5256 2833 5327; x_wconf 87' lang='lat' dir='ltr'><strong>increpationibus</strong></span> <span class='ocrx_word' id='word_1_881' title='bbox 2886 5255 3122 5325; x_wconf 90' lang='lat' dir='ltr'><strong>culpatur</strong></span> <span class='ocrx_word' id='word_1_882' title='bbox 3151 5257 3222 5308; x_wconf 86' lang='lat' dir='ltr'><strong>ad</strong></span> <span class='ocrx_word' id='word_1_883' title='bbox 3277 5264 3465 5309; x_wconf 88' lang='lat' dir='ltr'><strong>notam.</strong></span> 
     </span>
    </p>
   </div>
   <div class='ocr_carea' id='block_1_111' title="bbox 1891 5348 3469 5418">
    <p class='ocr_par' dir='ltr' id='par_1_111' title="bbox 1891 5348 3469 5418">
     <span class='ocr_line' id='line_1_111' title="bbox 1891 5348 3469 5418; baseline -0.002 -15"><span class='ocrx_word' id='word_1_884' title='bbox 1891 5348 2044 5403; x_wconf 83' lang='lat' dir='ltr'><strong>Hanc</strong></span> <span class='ocrx_word' id='word_1_885' title='bbox 2067 5349 2218 5402; x_wconf 86' lang='lat' dir='ltr'><strong>etiam</strong></span> <span class='ocrx_word' id='word_1_886' title='bbox 2245 5349 2298 5400; x_wconf 91' lang='lat' dir='ltr'><strong>in</strong></span> <span class='ocrx_word' id='word_1_887' title='bbox 2325 5348 2502 5418; x_wconf 82' lang='lat' dir='ltr'><strong>uiginti</strong></span> <span class='ocrx_word' id='word_1_888' title='bbox 2526 5358 2744 5418; x_wconf 89' lang='lat' dir='ltr'><strong>quatuor</strong></span> <span class='ocrx_word' id='word_1_889' title='bbox 2764 5348 3046 5402; x_wconf 87' lang='lat' dir='ltr'><strong>senioribus</strong></span> <span class='ocrx_word' id='word_1_890' title='bbox 3068 5348 3469 5417; x_wconf 88' lang='lat' dir='ltr'><strong>cognoscendam</strong></span> 
     </span>
    </p>
   </div>
   <div class='ocr_carea' id='block_1_112' title="bbox 1893 5439 3470 5512">
    <p class='ocr_par' dir='ltr' id='par_1_112' title="bbox 1893 5439 3470 5512">
     <span class='ocr_line' id='line_1_112' title="bbox 1893 5439 3470 5512; baseline -0.001 -16"><span class='ocrx_word' id='word_1_891' title='bbox 1893 5458 1981 5512; x_wconf 82' lang='lat' dir='ltr'><strong>per</strong></span> <span class='ocrx_word' id='word_1_892' title='bbox 2011 5439 2200 5495; x_wconf 84' lang='lat' dir='ltr'><strong>Christi</strong></span> <span class='ocrx_word' id='word_1_893' title='bbox 2219 5440 2644 5508; x_wconf 86' lang='lat' dir='ltr'><strong>dispensationem</strong></span> <span class='ocrx_word' id='word_1_894' title='bbox 2671 5449 2716 5492; x_wconf 90' lang='lat' dir='ltr'><strong>et</strong></span> <span class='ocrx_word' id='word_1_895' title='bbox 2753 5439 3177 5509; x_wconf 85' lang='lat' dir='ltr'><strong>evangelistarum</strong></span> <span class='ocrx_word' id='word_1_896' title='bbox 3213 5440 3470 5508; x_wconf 67' lang='lat' dir='ltr'><strong>praedica-</strong></span> 
     </span>
    </p>
   </div>
   <div class='ocr_carea' id='block_1_113' title="bbox 1894 5530 3470 5604">
    <p class='ocr_par' dir='ltr' id='par_1_113' title="bbox 1894 5530 3470 5604">
     <span class='ocr_line' id='line_1_113' title="bbox 1894 5530 3470 5604; baseline 0 -18"><span class='ocrx_word' id='word_1_897' title='bbox 1894 5535 2081 5587; x_wconf 89' lang='lat' dir='ltr'><strong>tionem</strong></span> <span class='ocrx_word' id='word_1_898' title='bbox 2107 5532 2287 5586; x_wconf 90' lang='lat' dir='ltr'><strong>iterata</strong></span> <span class='ocrx_word' id='word_1_899' title='bbox 2316 5533 2688 5604; x_wconf 82' lang='lat' dir='ltr'><strong>signiﬁcatione</strong></span> <span class='ocrx_word' id='word_1_900' title='bbox 2722 5533 2986 5586; x_wconf 87' lang='lat' dir='ltr'><strong>describit.</strong></span> <span class='ocrx_word' id='word_1_901' title='bbox 3019 5530 3143 5585; x_wconf 67' lang='lat' dir='ltr'><strong>ﬂare</strong></span> <span class='ocrx_word' id='word_1_902' title='bbox 3178 5531 3382 5601; x_wconf 89' lang='lat' dir='ltr'><strong>quidem</strong></span> <span class='ocrx_word' id='word_1_903' title='bbox 3417 5533 3470 5586; x_wconf 89' lang='lat' dir='ltr'><strong>in</strong></span> 
     </span>
    </p>
   </div>
   <div class='ocr_carea' id='block_1_114' title="bbox 1895 5627 2079 5696">
    <p class='ocr_par' dir='ltr' id='par_1_114' title="bbox 1895 5627 2079 5696">
     <span class='ocr_line' id='line_1_114' title="bbox 1895 5627 2079 5696; baseline -0.011 -16"><span class='ocrx_word' id='word_1_904' title='bbox 1895 5627 2079 5696; x_wconf 89' lang='lat' dir='ltr'><strong>primo.</strong></span> 
     </span>
    </p>
   </div>
   <div class='ocr_carea' id='block_1_115' title="bbox 1968 5713 3473 5788">
    <p class='ocr_par' dir='ltr' id='par_1_115' title="bbox 1968 5713 3473 5788">
     <span class='ocr_line' id='line_1_115' title="bbox 1968 5713 3473 5788; baseline 0.001 -16"><span class='ocrx_word' id='word_1_905' title='bbox 1968 5718 2035 5772; x_wconf 85' lang='lat' dir='ltr'><strong>In</strong></span> <span class='ocrx_word' id='word_1_906' title='bbox 2059 5719 2280 5774; x_wconf 87' lang='lat' dir='ltr'><strong>secundo</strong></span> <span class='ocrx_word' id='word_1_907' title='bbox 2305 5728 2474 5772; x_wconf 88' lang='lat' dir='ltr'><strong>autem</strong></span> <span class='ocrx_word' id='word_1_908' title='bbox 2507 5718 2634 5772; x_wconf 87' lang='lat' dir='ltr'><strong>libro</strong></span> <span class='ocrx_word' id='word_1_909' title='bbox 2679 5717 2838 5788; x_wconf 86' lang='lat' dir='ltr'><strong>hujus</strong></span> <span class='ocrx_word' id='word_1_910' title='bbox 2876 5717 3034 5787; x_wconf 89' lang='lat' dir='ltr'><strong>capiti</strong></span> <span class='ocrx_word' id='word_1_911' title='bbox 3059 5713 3258 5772; x_wconf 82' lang='lat' dir='ltr'><strong>Christo</strong></span> <span class='ocrx_word' id='word_1_912' title='bbox 3283 5717 3473 5787; x_wconf 83' lang='lat' dir='ltr'><strong>signati</strong></span> 
     </span>
    </p>
   </div>
   <div class='ocr_carea' id='block_1_116' title="bbox 1895 5807 3473 5884">
    <p class='ocr_par' dir='ltr' id='par_1_116' title="bbox 1895 5807 3473 5884">
     <span class='ocr_line' id='line_1_116' title="bbox 1895 5807 3473 5884; baseline 0.001 -20"><span class='ocrx_word' id='word_1_913' title='bbox 1895 5811 2114 5884; x_wconf 87' lang='lat' dir='ltr'><strong>dignitas</strong></span> <span class='ocrx_word' id='word_1_914' title='bbox 2158 5810 2274 5865; x_wconf 87' lang='lat' dir='ltr'><strong>libri</strong></span> <span class='ocrx_word' id='word_1_915' title='bbox 2327 5819 2544 5880; x_wconf 66' lang='lat' dir='ltr'><strong>peractae</strong></span> <span class='ocrx_word' id='word_1_916' title='bbox 2602 5808 2996 5881; x_wconf 85' lang='lat' dir='ltr'><strong>dispensationis</strong></span> <span class='ocrx_word' id='word_1_917' title='bbox 3047 5807 3228 5862; x_wconf 72' lang='lat' dir='ltr'><strong>merito</strong></span> <span class='ocrx_word' id='word_1_918' title='bbox 3274 5807 3473 5866; x_wconf 68' lang='lat' dir='ltr'><strong>dicitur</strong></span> 
     </span>
    </p>
   </div>
  </div>
