4010 6358
494 354 599 414 955

1107 354 1410 415 PRIMASI]
1443 354 1899 415 ADRUMETANI
1939 355 2151 415 EPISC.
2194 354 2551 417 COMMENT.
2592 358 2659 417 IN
2697 358 2895 419 APOC.
2934 361 3066 419 LIB.
3108 362 3177 421 ν.

3691 364 3817 422 956

490 474 719 539 retribui,
745 481 801 530 ut
828 474 932 530 duo
976 475 1031 531 in
1065 491 1219 530 carne
1269 492 1372 531 una
1415 476 1642 548 (Ephes.
1686 475 1741 549 ν)
1778 474 2011 531 Christus
2035 484 2084 532 et
2108 478 2162 541 Α
2190 484 2468 545 ρητηιοηει
2492 474 2866 546 indagandum.
2892 474 3021 532 Post
3049 479 3160 531 haec
3190 483 3502 532 constantem
3522 476 3579 532 in
3614 480 3813 533 electis

492 566 724 622 Ecclesia
757 569 917 639 possit
946 567 1185 638 intelligi,
1219 576 1267 623 et
1302 568 1357 623 in
1404 569 1516 639 ipso
1538 586 1714 624 omnes
1736 568 1964 624 thesauri
1990 585 2080 624 sa-

492 663 698 732 pientiae
720 671 768 717 et
805 663 1028 717 scientia:
1054 661 1344 717 absconditi
1370 671 1489 717 ante
1525 662 1753 734 latuisse,
1783 664 1837 717 in
1862 679 1961 734 quo
1982 663 2082 716 da-

491 764 666 809 centur
731 754 950 823 (Calas.
1014 753 1084 823 ιι)
1140 755 1345 809 revelati
1393 771 1487 809 suo
1515 764 1740 824 tempore
1797 755 2081 826 refulsisse.

493 845 641 901 Idem
669 848 722 901 in
745 862 872 916 equo
893 846 1007 900 albo
1031 857 1149 901 actu
1171 848 1371 916 pridem
1400 848 1575 919 paruit
1599 848 1810 916 missus,
1844 848 1933 918 qui
1972 847 2084 902 uisu

492 939 796 1010 processisse
844 938 1035 992 dicitur
1081 938 1357 994 revelatus.
1403 938 1536 993 Post
1585 939 1776 993 Christi
1827 940 1891 993 de
1921 948 2085 996 morte

493 1032 809 1103 triumphum
849 1032 1259 1103 impugnationes
1300 1034 1502 1105 futuras
1529 1032 1776 1088 Ecclesia:
1801 1043 1851 1088 et
1876 1034 2086 1089 humani

490 1127 689 1193 generis
714 1128 892 1199 plagas
923 1137 1211 1197 enumerat,
1242 1144 1369 1199 quas
1391 1144 1479 1199 per
1506 1128 1904 1199 signiﬁcationes
1931 1144 2088 1199 equa-

491 1234 605 1271 rum
626 1218 749 1287 ruﬁ,
781 1219 937 1289 nigri,
967 1218 1331 1291 pallentisque,
1370 1220 1493 1273 dicit
1531 1220 1856 1290 irrogandas.
1890 1220 2086 1286 Quibus

492 1312 724 1365 nascitur
744 1312 839 1367 sub
861 1329 956 1366 ara
984 1311 1083 1368 Dei
1110 1324 1365 1385 martyres
1395 1322 1667 1383 memorat,
1694 1323 1890 1370 sextam
1907 1315 2085 1369 mundi

491 1412 690 1458 a’tatem
719 1413 859 1458 sexto
893 1406 1039 1476 signa
1068 1405 1362 1472 denuntiat,
1386 1406 1572 1476 grandi
1600 1405 1960 1476 persecutionis
1989 1406 2088 1459 im-

491 1506 611 1564 petu
638 1496 691 1549 in
722 1496 825 1565 ﬁne
852 1507 1138 1552 uenturam.
1171 1496 1237 1551 In
1258 1506 1478 1567 quatuor
1502 1499 1697 1568 angelis
1718 1515 1879 1569 regna
1906 1497 2087 1551 mundi

489 1598 707 1657 quatuor
729 1605 951 1643 consona
984 1588 1187 1644 Danieli
1212 1606 1330 1644 uoce
1356 1599 1593 1657 testatur,
1652 1606 1782 1661 quos
1809 1590 2087 1647 electorum

491 1694 704 1734 numero
738 1680 921 1735 (cedere
949 1680 1139 1737 Christi
1178 1684 1373 1752 primus
1410 1692 1550 1739 uetus
1580 1692 1787 1738 enarrat
1808 1686 2084 1763 adventus,

491 1770 578 1838 qui
611 1787 700 1826 nec
720 1773 1015 1827 transitoria
1038 1774 1253 1843 fuissent
1270 1777 1608 1845 praetereundi
1636 1776 1801 1831 relatu
1817 1778 2088 1832 duodecim

2188 564 2480 622 Ecclesium
2522 568 2923 637 circumscribit,
2956 570 3161 625 nomine
3187 571 3321 642 Agni
3360 573 3610 626 censitam
3632 581 3687 626 et
3714 590 3813 628 sa-

2188 669 2331 715 cruto
2358 677 2571 716 numera
2602 661 2875 715 titulatam.
2918 660 3057 717 Item
3086 661 3347 719 Christum
3394 666 3599 721 diverso
3653 665 3814 720 sche-

2185 762 2321 810 mate
2348 771 2504 823 super
2532 756 2714 810 nubem
2744 756 2915 811 albam
2959 758 3216 813 sedentem
3242 760 3419 814 asserit
3450 768 3807 825 coronatum,

2186 861 2303 898 cum
2332 845 2466 916 falce
2509 846 2757 900 messoria
2812 856 3004 917 septem
3055 848 3326 919 plagarum
3363 851 3633 905 mentione
3674 851 3809 904 sub-

2177 946 2390 1017 juncta,
2442 950 2490 995 et
2537 950 2835 996 sanctorum
2865 942 3033 998 relata
3060 944 3295 1013 victoria,
3327 962 3443 999 eum
3484 944 3809 1001 Judcorm

2186 1040 2425 1087 manente
2447 1032 2644 1087 duritia
2665 1042 2714 1087 et
2738 1035 3135 1106 incomparabili
3159 1038 3537 1107 persecutione,
3558 1040 3805 1109 futuram

2186 1132 2432 1178 memorat
2460 1123 2847 1180 damnationem
2871 1129 3170 1195 meretricis,
3213 1146 3367 1199 quam
3396 1131 3575 1201 fucata
3616 1134 3807 1188 mulie-

2187 1215 2259 1269 ris
2297 1215 2440 1270 cultu
2467 1215 2728 1284 describit,
2760 1218 2845 1272 cui
2890 1219 2947 1273 in
2976 1220 3229 1291 capitibus
3258 1231 3443 1291 septem
3474 1233 3524 1276 et
3552 1224 3804 1277 cornibus

2188 1306 2383 1376 decem,
2407 1315 2452 1361 et
2480 1309 2780 1365 stecularem
2800 1312 3101 1382 potentiam,
3121 1322 3169 1368 et
3195 1318 3447 1369 occultam
3475 1316 3611 1370 dicit
3637 1317 3803 1372 inesse

2190 1400 2494 1471 nequitiam.

2266 1513 2456 1578 Quinto
2478 1515 2633 1569 etiam
2659 1516 2811 1585 libra,
2841 1517 3042 1574 diverso
3082 1520 3253 1574 relatu
3292 1521 3429 1576 idem
3451 1520 3797 1578 Christiinsi-

2128 1668 2131 1675 η
2190 1613 2381 1660 nuatur
2425 1606 2693 1662 adventus.
2747 1609 2911 1676 Quem
2954 1612 3158 1665 nomine
3195 1612 3365 1683 angeli
3400 1614 3531 1668 dicit
3579 1616 3653 1668 de
3679 1618 3793 1670 calo

2190 1699 2514 1766 descendere,
2557 1719 2753 1774 suaque
2788 1712 3036 1775 potestate
3073 1715 3123 1760 et
3165 1706 3401 1761 claritate
3438 1707 3795 1763 illuminatam

2192 1799 2398 1847 terram.
2428 1793 2745 1864 Babylonem
2794 1809 3042 1852 memorat
3088 1800 3248 1868 fuisse
3292 1793 3660 1871 destructum,»
3688 1819 3795 1873 qua

491 1862 716 1917 tribuum
746 1868 952 1921 nomina
972 1883 1091 1921 cum
1114 1883 1323 1922 numera
1342 1868 1533 1923 indidit
1564 1871 1903 1941 signatarum.
1922 1871 2080 1939 Atque

2189 1900 2306 1938 cum
2354 1862 2556 1941 multis
2584 1888 2877 1959 signiﬁcata
2928 1891 3185 1947 vocabulis
3230 1894 3535 1966 prtedicitur
3562 1897 3790 1965 ruitura,

492 1964 548 2008 ut
596 1971 752 2010 unam
809 1974 873 2013 ex
914 1974 1096 2029 genere
1152 1958 1324 2015 Israel
1374 1970 1424 2016 et
1476 1978 1541 2017 ex
1586 1964 1816 2035 gentibus
1868 1966 2086 2019 existere

491 2058 797 2103 monstraret
824 2048 1111 2106 Ecclesium
1136 2092 1152 2120 ,
1200 2054 1427 2124 gentium
1469 2071 1591 2111 mox
1632 2059 1947 2112 vocationem
1989 2058 2087 2112 ad-

492 2141 682 2195 iunxit.
718 2141 950 2207 Quarum
976 2160 1041 2200 ex
1065 2146 1302 2217 operibus
1334 2147 1491 2217 ﬁdem
1509 2189 1526 2218 ,
1561 2158 1609 2204 et
1634 2148 1757 2218 fidei
1784 2150 1941 2205 uoluit
1964 2167 2085 2205 nar-

490 2248 607 2288 rare
632 2236 938 2292 mercedem.

561 2325 630 2382 In
656 2330 802 2384 tertia
827 2345 1026 2401 quoque
1062 2332 1194 2387 libro
1238 2329 1524 2389 Ecclesiam
1564 2334 1618 2390 in
1660 2343 1856 2406 septem
1885 2336 2083 2407 angelis

488 2434 549 2473 ac
594 2421 729 2475 tubis
762 2431 914 2493 grata
960 2424 1259 2493 repetitione
1294 2442 1388 2482 suo
1439 2443 1580 2482 more
1622 2428 1883 2497 describit,
1929 2446 2085 2499 quam

488 2512 712 2565 externis
738 2521 785 2565 et
806 2514 1058 2569 intestinis
1100 2528 1345 2572 memorat
1382 2520 1820 2590 persecutionibus
1853 2537 1915 2575 ac
1943 2521 2085 2591 peri-

490 2605 618 2660 culis
662 2609 1015 2675 exercendam,
1060 2613 1268 2682 quando
1316 2626 1432 2683 post
1478 2631 1642 2669 unum
1688 2616 1950 2686 angelum,
1996 2616 2084 2684 qui

488 2713 640 2764 super
666 2698 833 2755 altare
869 2700 968 2756 Dei
997 2703 1168 2758 stabat
1210 2720 1326 2759 cum
1370 2705 1633 2761 thuribulo
1679 2722 1860 2774 aureo,
1903 2722 2085 2762 secun-

490 2788 634 2855 dum,
662 2793 865 2845 tertium
885 2801 934 2847 et
953 2804 1193 2864 quartum
1220 2796 1423 2850 videtur
1447 2798 1747 2870 opposuisse
1772 2800 2080 2867 contrarios,

486 2888 533 2935 et
562 2882 862 2955 interposita
892 2902 1069 2944 rursus
1094 2888 1284 2959 aquin
1311 2892 1561 2945 mentione
1598 2890 1855 2957 Ecclesia,
1888 2892 1953 2947 de
1982 2908 2080 2963 puo

489 2982 568 3030 teo
607 2977 774 3047 abyssi
799 2981 853 3033 in
880 2980 1092 3035 locustis
1124 2983 1264 3052 fumo
1295 2984 1532 3057 equisque
1577 2985 1904 3053 bellantibus,
1956 3004 2081 3058 pro-

487 3065 601 3122 dire
640 3070 763 3124 dicit
801 3071 1103 3127 hwreticos:
1131 3091 1348 3144 quorum
1377 3092 1578 3132 morsus
1620 3086 1675 3131 ut
1717 3080 2080 3149 scorpionum,

486 3159 541 3214 in
561 3162 738 3230 quibus
760 3180 921 3218 unum
944 3181 1018 3219 vce
1047 3166 1171 3220 dicit
1196 3168 1382 3223 abisse.
1414 3167 1730 3241 Angelarum
1750 3182 1973 3241 quatuor
1998 3190 2080 3229 so-

2190 1977 2476 2030 commissa:
2501 1976 2786 2047 iniquitatis
2815 1981 2988 2035 debita
3035 1992 3352 2038 monstratur
3378 1986 3601 2040 multari
3633 1987 3796 2040 vindi-

2188 2077 2292 2135 cta,
2323 2069 2410 2123 ubi
2437 2079 2736 2125 sanctarum
2766 2076 2995 2144 profecto
3038 2075 3262 2147 dignitas
3314 2078 3367 2132 in
3414 2080 3711 2135 senioribus
3750 2089 3795 2135 et

2188 2161 2323 2232 Agni
2353 2163 2570 2231 nuptiis,
2609 2173 2657 2217 et
2706 2164 2914 2235 byssina
2962 2168 3152 2222 mundo
3203 2169 3373 2240 fuerat
3427 2174 3791 2226 memoranda.

2188 2251 2329 2307 Hinc
2357 2254 2663 2309 diadematis
2688 2256 2887 2327 insigne
2912 2266 3194 2329 gestantem
3229 2278 3356 2332 equa
3386 2263 3507 2317 albo
3536 2267 3792 2320 sedentem

2186 2360 2302 2399 cum
2328 2345 2486 2401 bestia
2514 2356 2733 2403 certasse
2762 2348 3033 2417 describit,
3075 2353 3285 2424 suisque
3305 2358 3504 2410 catenis
3535 2357 3788 2412 diabolum

2186 2454 2276 2509 per
2301 2453 2465 2493 annos
2491 2437 2633 2493 mille
2663 2440 2855 2494 dicitur
2882 2442 3151 2514 religasse,
3195 2452 3248 2498 ut
3280 2446 3491 2501 solitam
3520 2450 3789 2503 seducendi

2186 2539 2358 2602 gentes
2388 2531 2617 2586 amiserit
2644 2542 2964 2603 potestatem,
2998 2536 3260 2607 profuturi
3299 2539 3473 2609 forma
3510 2541 3690 2611 iudicii
3730 2544 3786 2596 in

2188 2620 2372 2677 throno
2398 2623 2621 2677 candido
2649 2624 2929 2681 sedentem.
2958 2623 3133 2699 Ipsius
3158 2644 3445 2686 memorans
3479 2631 3691 2699 Christi,
3717 2651 3790 2689 se-

2186 2717 2408 2770 cundum
2445 2734 2625 2773 rursus
2655 2720 2892 2791 designat
2938 2721 3232 2788 adventum,
3263 2726 3469 2793 quando
3505 2726 3791 2782 elemento-

2185 2820 2303 2859 rum
2328 2808 2649 2862 innovatione
2677 2811 2863 2863 cmlum
2890 2826 3076 2865 novum
3117 2821 3353 2883 terraque
3381 2815 3560 2885 futura
3594 2818 3793 2872 descri-

2188 2899 2343 2969 bitur,
2362 2912 2410 2955 et
2436 2918 2618 2957 novam
2632 2901 2925 2959 Jerusalem
2938 2922 3201 2977 sponsam.
3224 2906 3357 2979 Agni
3374 2908 3795 2979 patriarcharum

2186 2994 2641 3067 apastolarumque
2684 2997 2988 3068 fundamine
3030 2999 3327 3069 solidatam,
3365 3002 3609 3071 promissa
3651 3002 3791 3058 dicit

2184 3086 2339 3156 potiri
2380 3088 2630 3158 mercede,
2664 3105 2781 3142 cum
2810 3091 2931 3161 agni
2961 3089 3153 3146 lumine
3197 3092 3433 3146 irradiari
3474 3103 3628 3161 atque
3674 3094 3795 3149 ritte

2187 3182 2325 3250 fante
2356 3182 2544 3251 poturi,
2574 3183 2785 3253 ejusque
2800 3184 2992 3239 visione
3017 3184 3211 3239 dicitur
3226 3185 3445 3256 perfrui.
3475 3183 3548 3240 Se
3572 3186 3793 3255 proinde

487 3258 613 3313 lutio
641 3276 757 3315 cum
794 3279 1004 3318 numero
1045 3267 1371 3336 octogenario
1396 3276 1445 3321 et
1465 3266 1542 3321 bis
1581 3269 1830 3339 myriadis
1884 3271 2076 3342 myria-
2111 3302 2158 3367 ο
2188 3277 2229 3326 Δ
2283 3281 2330 3327 et
2386 3281 2433 3326 Ω.
2478 3275 2668 3330 iterata
2723 3276 3088 3348 pradicatiane
3154 3280 3461 3348 frequentat,
3514 3288 3572 3331 ut
3637 3281 3791 3333 unius

485 3350 627 3419 dum,
658 3355 840 3424 quibus
864 3358 1055 3428 equites
1084 3374 1201 3412 cum
1230 3360 1401 3414 loricis
1415 3362 1575 3432 igneis
1604 3371 1652 3417 et
1670 3364 1966 3435 sulphureis
1984 3366 2077 3435 ju-

486 3461 572 3518 ges
624 3446 992 3504 hceresiarchas
1048 3453 1250 3506 diversa
1291 3454 1446 3508 modo
1488 3454 1747 3521 describit,
1780 3464 1827 3511 et
1858 3472 2079 3513 errorem

483 3554 605 3593 mox
628 3542 926 3611 gentilitatis
952 3546 1197 3613 annectit,
1221 3546 1362 3616 quod
1380 3546 1450 3599 ad
1478 3561 1554 3601 me
1585 3548 1867 3603 secundum
1894 3557 1969 3604 est
1997 3567 2079 3605 re-

484 3632 779 3704 digendum.
812 3633 880 3689 In
911 3637 1093 3709 angelo
1132 3638 1267 3692 nube
1295 3639 1481 3693 amicta
1511 3641 1712 3709 primus
1751 3639 1942 3696 Christi
1989 3642 2079 3697 de-

483 3726 715 3796 signatur
740 3726 1008 3793 adventus,
1040 3729 1189 3798 cujus
1220 3729 1584 3798 prwdicatione
1619 3746 1682 3785 ex
1714 3731 1860 3785 bonis
1900 3732 1955 3786 in
1993 3748 2078 3786 ore

483 3818 823 3882 dulcedinem,
852 3833 914 3872 ex
951 3816 1104 3873 malis
1132 3819 1189 3872 in
1211 3822 1400 3874 ventris
1431 3821 1735 3890 inﬁrmitate
1763 3823 1890 3878 dicit
1935 3841 2079 3880 ama-

479 3908 759 3960 ritudinem
787 3910 1067 3978 procreari.
1100 3908 1165 3963 In
1189 3925 1308 3963 voce
1338 3920 1511 3965 autem
1541 3914 1747 3981 septimi
1779 3917 1973 3987 angeli,
2005 3919 2076 3987 ﬁ-

481 3998 563 4051 nis
588 4008 744 4053 sextte
770 4000 934 4054 tetatis
963 4009 1008 4055 et
1033 4002 1238 4055 initium
1265 4004 1496 4075 septima:
1525 4008 1810 4065 nuntiatur.
1843 4007 1910 4064 In
1938 4012 2076 4067 duo-

481 4086 575 4141 bus
602 4089 907 4159 martyribus
933 4090 1037 4146 duo
1065 4094 1300 4164 martyrii
1319 4110 1506 4164 genera
1532 4102 1911 4170 cognoscenda,
1934 4112 1981 4158 et
2000 4119 2076 4159 me

480 4179 685 4234 tertium
740 4182 934 4238 venisse
987 4184 1131 4239 dicit.
1194 4184 1425 4241 Secundi
1469 4190 1717 4246 adventus
1775 4192 2075 4266 interposita

481 4273 754 4359 mentione,
808 4272 1000 4330 Christi
1051 4293 1230 4332 rursus
1284 4281 1521 4335 nativitas
1545 4290 1723 4354 aperto
1755 4283 1854 4339 Dei
1884 4287 2073 4359 templa

479 4352 726 4422 narratur,
761 4368 817 4422 in
868 4370 1028 4437 emta,
1086 4370 1140 4423 id
1182 4381 1254 4427 est
1302 4352 1721 4449 Ecclesia-qua:
1746 4381 1957 4452 vestigia
1984 4352 2072 4437 sui

480 4462 663 4530 capitis
707 4464 963 4533 sequendo
1010 4464 1226 4532 uictrix,
1268 4467 1330 4521 de
1379 4485 1550 4541 pugna
1596 4471 1788 4528 dicitur
1820 4476 2072 4531 exstitisse

478 4555 735 4609 draconis.

2187 3373 2387 3421 natura:
2425 3365 2615 3423 diuinae
2643 3368 2864 3422 insinuet
2893 3368 3222 3435 Trinitatem,
3252 3378 3299 3423 et
3327 3370 3489 3439 futuri
3519 3368 3790 3443 Evangelii

2181 3461 2261 3515 sui
2304 3476 2420 3515 cum
2446 3462 2541 3515 hoc
2590 3461 2722 3517 libro
2771 3478 3055 3517 sermonem
3101 3463 3335 3517 videatur
3360 3464 3549 3519 habere
3578 3482 3789 3522 concor-

2181 3553 2317 3609 dem.
2364 3552 2573 3623 Septem
2624 3552 2978 3610 Ecclesiarum
3034 3557 3217 3611 iterata
3270 3557 3528 3612 mentione
3578 3574 3789 3629 scapurn

2181 3644 2320 3709 libri,
2351 3645 2407 3699 id
2433 3655 2511 3701 est
2552 3647 2884 3701 intentionem
2926 3649 3176 3721 assignat,
3217 3664 3370 3719 seque
3400 3647 3649 3705 Christus
3693 3650 3787 3705 Ec-

2181 3737 2351 3793 clesiae
2376 3749 2646 3794 venturum
2667 3742 2966 3798 annuntiat.

2252 3831 2597 3889 Considerans
2644 3845 2817 3891 autem
2848 3836 3005 3909 hujus
3048 3839 3216 3909 operis
3249 3842 3621 3911 quantitatem,
3650 3844 3784 3897 arbi-

2181 3935 2287 3981 tror
2333 3914 2585 3998 quosdam
2637 3928 2702 3984 de
2747 3931 2860 4001 ejus
2888 3947 3043 4001 quam
3073 3942 3253 4000 putant
3306 3935 3609 4003 prolixitate
3646 3952 3784 4005 posse

2179 4023 2405 4087 causari,
2433 4021 2565 4077 alios
2600 4031 2768 4078 autem
2824 4025 3009 4080 diuina:
3035 4026 3161 4096 legis
3205 4027 3284 4081 uel
3325 4026 3565 4083 lectionis
3592 4030 3787 4100 fervore

2177 4114 2479 4184 ﬂagrantes,
2505 4113 2567 4167 de
2592 4121 2740 4168 tanta
2775 4114 2896 4169 libri
2919 4116 3274 4187 prafunditatc
3311 4118 3572 4190 ampliora
3617 4124 3785 4194 potius

2177 4210 2436 4279 flagitare.
2469 4208 2578 4264 Sed
2598 4226 2717 4264 cum
2746 4211 2837 4265 diu
2863 4212 2997 4267 inter
3023 4213 3316 4283 fastidiosos
3344 4224 3395 4269 et
3422 4217 3611 4271 avidos
3638 4228 3787 4271 nuta-

2178 4298 2378 4356 bundus
2417 4312 2708 4373 aestuarem,
2745 4306 2894 4360 timui
2937 4323 3000 4361 ne
3042 4315 3133 4362 aut
3181 4308 3473 4365 immodicis
3519 4314 3783 4383 profusio.

2174 4392 2325 4449 nibus
2354 4394 2674 4466 ingessissem
2711 4398 2886 4453 otiosis
2908 4414 3153 4469 errorem,
3187 4410 3279 4455 aut
3305 4402 3589 4473 exiguitate
3617 4420 3784 4459 neces-

2172 4487 2315 4541 saria
2339 4487 2653 4545 subtraxisse
2681 4491 2883 4546 invidus
2901 4494 3178 4564 judicarer
3211 4510 3230 4549 :
3256 4495 3428 4566 sicque
3456 4499 3655 4567 stylum
3691 4516 3785 4568 pu-

2175 4580 2310 4647 tavi,
2346 4589 2548 4652 regente
2600 4581 2858 4651 Domina,
2890 4587 3297 4657 temperandum,
3348 4598 3407 4642 ut
3451 4590 3785 4646 illustrandis

551 4643 619 4700 In
665 4652 1144 4762 Lqulartorprainde
1198 4654 1361 4722 libro,
1406 4657 1471 4712 de
1528 4658 1687 4715 bestia
1742 4660 2063 4762 disputatur,
2096 4700 2150 4762 D
2173 4643 2548 4730 obscurioribus
2579 4676 2704 4733 locis
2742 4643 2859 4748 plus
2891 4643 3141 4735 sermonis
3178 4643 3784 4753 impenderem,ﬁapertis

476 4755 629 4808 quam
659 4739 841 4796 habere
859 4742 981 4797 dicit
1011 4746 1184 4815 capita
1224 4757 1433 4817 septem,
1468 4758 1515 4802 et
1554 4766 1751 4803 cornua
1778 4753 1969 4822 decem,
2012 4757 2067 4810 in

476 4848 577 4902 qua
607 4834 889 4890 adversitas
918 4836 1219 4909 designatur
1242 4837 1444 4894 Christo
1485 4839 1827 4911 Ecclesiwque
1864 4856 2069 4901 contra-

474 4926 576 4992 ria,
609 4943 762 4999 quam
791 4930 883 4984 etsi
922 4932 989 4983 ad
1029 4943 1223 4997 tempus
1248 4930 1407 5001 signis
1443 4931 1566 4985 dicit
1599 4932 1898 4990 Antichristi
1937 4939 2068 4993 vali-

473 5028 665 5089 turam,
713 5023 925 5093 patienti
981 5032 1208 5077 attamen
1234 5022 1553 5078 tolerandam
1619 5043 1726 5080 esse
1771 5040 2066 5086 sanctarum

476 5114 821 5186 prudentiam.
868 5116 1062 5173 Notam
1100 5118 1179 5173 vel
1224 5133 1409 5174 nomen
1458 5120 1629 5177 bestico
1678 5121 1754 5178 vel
1801 5140 2070 5182 numerum

2175 4768 2440 4839 exiguum,
2467 4778 2521 4822 ut
2553 4786 2645 4825 nec
2667 4776 2943 4827 esurientes
2976 4775 3277 4845 fraudarem
3303 4776 3543 4843 inventis,
3575 4794 3673 4832 nec
3694 4796 3783 4845 pe-

2178 4859 2303 4913 ritos
2332 4877 2488 4915 ausus
2518 4863 2735 4930 prolatis
2765 4863 3093 4931 offenderem.
3138 4866 3226 4921 Me
3273 4877 3441 4922 tamen
3470 4873 3647 4941 fateor
3676 4888 3779 4925 nais

2176 4960 2428 5020 quantum
2471 4954 2637 5008 ardua
2682 4959 3041 5027 mysteriorum
3102 4960 3326 5031 dignitas
3370 4961 3631 5031 exigebat,
3686 4962 3781 5017 sed

2173 5052 2422 5112 quantum
2461 5057 2735 5117 paupertas
2775 5050 2964 5104 virium
2992 5068 3087 5122 ope
3125 5052 3297 5107 divina
3336 5055 3539 5124 potuit,
3590 5056 3779 5110 debitis

2178 5134 2467 5191 exhibuisse
2488 5139 2726 5194 servitiis.
