3974 6448
1524 538 1695 586 ANNO
1733 542 1964 591 DOMINI
2008 549 2159 595 DLVI.

1285 558 2464 976 vicum:

1005 1118 1703 1232 EPISCOPUS
1782 1127 2235 1247 TUNUN
2241 1140 2418 1251 EN
2424 1146 2617 1256 SIS
2640 1150 2716 1259 ⁸.

1449 1388 1729 1450 ΝΟΤΙΤΙΑ
1757 1393 1864 1466 (Ex
1896 1397 2227 1475 Gallandio).

309 1491 351 1548 l.
377 1490 531 1550 Circa
549 1494 784 1552 medium
801 1495 1800 1565 saculiVtclaruitVictor'l‘uuunensis
1827 1511 1882 1573 Α
1910 1511 2007 1567 tria
2054 1516 2285 1585 capitula
2321 1525 2593 1586 mordicus
2626 1530 2838 1590 defendi

229 1582 483 1641 Ecclesiae
506 1586 561 1641 in
586 1587 766 1643 Africa
793 1589 1099 1660 episcopus.
1126 1590 1200 1648 De
1229 1593 1360 1650 urbe
1387 1610 1511 1666 quae
1532 1596 1806 1657 Victorem

233 1677 518 1744 praesulem
551 1678 756 1746 habuit,
790 1683 1119 1738 concertatio
1144 1684 1284 1742 inter
1309 1689 1546 1746 eruditos
1576 1705 1681 1747 non
1707 1693 1809 1749 mi-

224 1770 373 1824 nima
416 1786 538 1828 esse
578 1774 906 1844 comperitur
958 1794 972 1834 :
1019 1793 1123 1849 qua
1168 1780 1237 1837 de
1274 1796 1334 1839 re
1370 1784 1524 1853 plura
1559 1786 1808 1847 edisserit

228 1860 621 1933 Wcssclingius
660 1864 763 1937 (a).
806 1866 916 1923 Nos
952 1868 1168 1927 interim
1205 1873 1492 1943 ipsummet
1536 1878 1806 1936 Victorem

221 1955 521 2025 sequimur,
550 1959 640 2028 qui
662 1958 956 2016 Ecclesiam
986 1978 1145 2034 quam
1172 1966 1411 2038 regebat,
1445 1968 1803 2029 Tununensem

221 2047 467 2102 nominat
495 2046 593 2120 (b).
635 2048 819 2121 Neque
854 2052 1011 2109 aliter
1052 2054 1286 2113 Isidorus
1313 2058 1673 2132 llispalensis,
1712 2066 1804 2136 qui

223 2140 489 2197 Victorem
539 2143 857 2201 Tununensis
903 2148 1148 2204 Ecclesia:
1195 2152 1457 2223 Africana:
1508 2158 1802 2229 episcOpum

214 2324 577 2393 librariorum,
611 2326 924 2385 Turonensis
962 2332 1171 2389 dicatur
1212 2335 1317 2406 (ά).
1350 2335 1431 2393 0b
1473 2342 1794 2407 acerrimam

128 2422 137 2427 '
212 2418 377 2472 trium
436 2421 793 2489 capitulorum
849 2424 1213 2483 defensionem
1247 2470 1264 2496 ,
1320 2444 1377 2487 ut
1428 2432 1595 2489 refert
1653 2435 1795 2493 idem

203 2508 432 2565 antistes
466 2508 799 2582 llispalensis
838 2514 931 2588 (e),
974 2534 1006 2570 a
1046 2516 1344 2576 Iustiniano
1383 2523 1519 2596 Aug.
1560 2525 1795 2585 Ecclesia

203 2616 299 2655 sua
327 2604 540 2674 pulsus,
581 2608 765 2663 exsilio
792 2610 854 2663 in
884 2609 1177 2684 Egyptum
1218 2625 1615 2688 transportatur.
1659 2622 1795 2681 Inde

202 2705 388 2747 rursus
418 2691 920 2768 Constantinopolim
947 2712 1187 2773 vocatus,
1217 2706 1342 2761 dum
1368 2708 1668 2768 Justiniano
1695 2716 1793 2770 im-

202 2786 433 2851 peratori
476 2794 525 2840 et
573 2785 832 2859 Eutychio
882 2788 1463 2870 ConstantinOpolitanw
1500 2803 1640 2859 urbis
1682 2812 1793 2877 epi-

200 2888 379 2945 sc0po,
426 2877 847 2938 obtrectatoribus
880 2887 1173 2941 eorumdem
1216 2889 1371 2945 trium
1408 2896 1787 2969 capitulorum,
1818 2901 1871 2967 Β
1894 2906 2217 2972 Τνηαηεηεῑε

199 2966 477 3036 resisteret,
509 2971 563 3026 in
596 2976 963 3031 monasterium
995 2978 1226 3048 ejusdem
1252 2982 1469 3039 civitatis
1497 2989 1787 3046 custodien-

197 3056 295 3112 dus
337 3060 576 3129 mittitur,
605 3073 757 3136 atque
791 3066 847 3121 in
882 3068 1063 3125 eadem
1105 3070 1465 3145 damnatione,
1498 3087 1551 3132 ut
1578 3081 1781 3155 dicunt,

202 3165 507 3219 permanens
534 3156 771 3212 moritur.
807 3158 917 3216 Sed
945 3171 1133 3219 noster
1172 3164 1457 3225 Africanus
1497 3170 1783 3245 episcopus

198 3242 467 3315 imprimis
494 3250 823 3325 audiendus,
854 3257 947 3327 qui
972 3259 1038 3314 ad
1069 3273 1269 3318 annum
1296 3263 1402 3321 555
1445 3276 1566 3338 post
1589 3242 1782 3327 consu-

195 3332 358 3392 latum
395 3338 580 3400 Basilii
605 3361 658 3401 v.
676 3359 727 3402 c.
750 3362 892 3405 anno
924 3351 1014 3417 15,
1040 3351 1156 3410 haec
1175 3354 1242 3411 de
1262 3332 1782 3429 seipso'articulatim

196 3432 385 3487 scribit
430 3435 501 3507 (Ι)
548 3457 560 3491 :
614 3438 788 3496 Victor
831 3440 1157 3519 Tununensis
1198 3447 1444 3507 Ecclesia:
1477 3455 1779 3529 episcOpus,

196 3520 350 3591 Itujus
374 3534 557 3582 auctor
575 3534 765 3601 aperis,
787 3544 902 3604 post
932 3538 1189 3593 custodias
1217 3540 1468 3615 simulque
1488 3520 1535 3599 et
1568 3520 1778 3619 plagas,

192 3628 319 3679 quas
344 3615 471 3672 Sola
498 3629 545 3675 et
576 3620 828 3680 Valericis
850 3643 1143 3699 perpessus,
1167 3648 1257 3687 nec
1277 3650 1377 3689 non
1402 3637 1455 3691 in
1477 3644 1780 3699 monasterio

191 3704 256 3759 de
287 3704 511 3765 Mandra
547 3714 714 3783 primo
745 3733 805 3772 ac
842 3721 1066 3776 secundo
1105 3725 1287 3780 exsilio
1317 3725 1420 3799 Egi
1446 3728 1780 3791 Mauritania?

190 3796 407 3869 insulse,
456 3807 605 3861 tertio
634 3808 986 3869 Alexandrino
1016 3831 1121 3870 una
1146 3834 1262 3872 cum
1299 3796 1565 3879 Tlleodoro
1595 3825 1778 3884 Celtar-

191 3890 435 3949 susitana:
482 3893 728 3955 Ecclesia:
774 3903 1047 3973 episcopo,
1095 3925 1189 3977 pro
1236 3916 1572 3983 praefatorum
1618 3919 1776 3974 trium

196 3984 544 4053 capitulorum
588 3990 884 4059 defensione
940 3997 1121 4053 exsilio
1175 4001 1436 4070 mittitur,
1486 4019 1535 4060 et
1589 4010 1777 4065 carceri

189 4276 240 4315 ν.
294 4277 347 4318 c.
381 4278 523 4322 anno
566 4267 634 4324 16
680 4266 757 4341 (g)
808 4285 826 4327 :
878 4270 1073 4342 Victor,
1132 4273 1335 4346 inquit,
1375 4287 1424 4342 et
1458 4279 1771 4338 Theodosius

196 4356 416 4424 antelati
436 4358 662 4430 episcOpi
682 4361 914 4430 Africani
942 4365 1005 4420 de
1028 4380 1227 4421 carcere
1247 4369 1522 4439 ejiciuntur
1543 4388 1562 4425 .'
1590 4382 1637 4428 et
1658 4383 1771 4445 post

184 4446 553 4517 disputationes
573 4453 627 4507 in
647 4458 889 4523 prwtorio
905 4458 1172 4514 continuas
1194 4462 1392 4516 dierum
1414 4464 1503 4532 16,
1525 4466 1594 4519 ad
1611 4466 1769 4524 aliam

182 4538 467 4595 custodiam
503 4546 799 4599 monasterii
830 4546 1340 4622 Tabenensiotarum,
1365 4555 1503 4625 quod
1530 4564 1601 4611 est
1630 4560 1769 4629 apud

182 4628 447 4702 Canopum
478 4635 546 4691 12
585 4637 808 4694 millibus
842 4640 905 4695 ab
931 4641 1056 4697 urbe
1081 4644 1454 4712 Alexandrina,
1478 4649 1764 4707 mittuntur.

178 4720 264 4775 Ad
288 4737 408 4793 qua:
440 4727 659 4797 quidem
700 4729 862 4786 verba
900 4733 1198 4804 respiciens
1236 4735 1512 4808 Breulius,
1542 4755 1765 4811 cperam

177 4811 370 4869 lsidori
396 4815 732 4889 Hispalensis
758 4821 949 4891 editor,
972 4826 1089 4882 hate
1109 4825 1269 4883 habet
1295 4827 1376 4902 (It)
1409 4847 1422 4885 :
1454 4850 1472 4883 ι
1511 4831 1587 4888 lbi
1610 4846 1765 4889 suum

176 4904 427 4975 deplorat
455 4909 736 4979 exsilium,
779 4928 886 4985 quo
914 4915 1046 4972 mihi
1067 4917 1222 4976 valde
1258 4919 1452 4991 dignus
1486 4922 1655 4981 fuisse
1682 4926 1765 4981 vi-

176 4997 358 5055 detur.
386 4999 606 5060 Restitit
633 5004 778 5061 enim
804 5004 986 5078 Vigilii
1010 5023 1191 5081 papae,
1216 5008 1504 5068 Iustiniani
1530 5013 1762 5087 impera-

176 5091 310 5150 toris
339 5102 396 5151 et
437 5094 631 5165 synodi
674 5096 1279 5172 Constantinopolitana:
1325 5104 1591 5175 decretis,
1634 5107 1761 5167 dum

246 5314 435 5412 religi
460 5319 1008 5412 legitu'r_Tunonensis
1023 5332 1358 5412 antrumque.
1398 5330 1574 5412 ‘valet_.
1597 5331 1758 5391 Eutr.

248 5386 325 5458 (a)
347 5386 582 5469 _Wessél.
614 5393 838 5469 pissert.
870 5394 938 5452 de
968 5395 1171 5469 Evang.
1208 5386 1747 5463 in'Victorl’l’uh—ttu.

178 5459 1028 5560 °al’.:.‘.i.l’f‘£3-.‘.§§ffq9;

245 5530 322 5609 (ὁ)
343 5530 565 5609 Victor;
599 5530 899 5609 Chron.'ad
927 5554 1055 5596 ann.
1085 5539 1210 5608 555;
1234 5540 1397 5609 infra,
1427 5544 1535 5602 col.
1567 5543 1673 5604 860

271 5531 298 5583 b
357 5530 559 5588 Viator:
599 5530 899 5594 Chronfad
927 5554 1055 5596 ann.
1085 5539 1210 5608 555;
1234 5540 1397 5609 infra,
1427 5559 1468 5600 Ct

268 5530 470 5723 cjlsid.
504 5602 654 5686 Hisp.
684 5606 1043 5686 qucriptor.
1072 5612 1206 5669 eccl.
1231 5627 1350 5684 cap.
1378 5615 1468 5672 25.

315 5677 327 5723 δ
355 5671 456 5723 Ιά.-
489 5673 692 5723 Ortum-
735 5676 827 5723 lib-
851 5693 901 5723 ν-
936 5695 1053 5723 nan-
1081 5682 1150 5723 KQ
1199 5685 1302 5723 cnh
1327 5686 1395 5723 {in

355 5671 457 5753 ta,
489 5671 692 5753 origin,
734 5676 827 5733 lib.
851 5671 919 5753 νζ
936 5695 1057 5753 cap.
1081 5682 1171 5751 39,
1199 5671 1417 5742 sub'tin.

268 5742 315 5816 ς)
339 5742 450 5816 id,
479 5744 548 5800 de
572 5742 769 5816 Script.
801 5742 938 5806 eccl.
970 5742 1020 5807 l.’
1041 5767 1093 5809 c.

241 5811 314 5879 (Ι)
339 5812 546 5871 Victor.
567 5811 770 5874 Chron.
795 5818 835 5876 l.
860 5835 911 5878 c.

244 5882 320 5955 (g)
349 5879 453 5951 ld.,
473 5883 603 5944 ibid.

642 5983 916 6048 PATROL.
960 5985 1247 6055 LXVIII.

1912 1619 2059 1662 mum
2089 1608 2230 1667 diem
2260 1614 2457 1676 obiisse
2485 1620 2753 1684 Victorem
2782 1633 3156 1696 existimamus
3178 1646 3336 1715 paulo
3367 1660 3491 1720 post

1979 1800 2046 1858 II.
2075 1803 2261 1863 Exstat
2288 1816 2534 1879 praesulis
2561 1817 2716 1892 hujus
2738 1826 2978 1888 Africani
3000 1834 3289 1895 Chronicen
3320 1845 3492 1898 conti-

1905 1910 2076 1952 mtans
2099 1898 2187 1954 ubi
2209 1900 2433 1977 Prosper
2451 1910 2658 1984 desinit,
2682 1919 2839 1974 nobis
2858 1924 3084 1985 subinde
3107 1944 3485 1994 memoratum.

1904 1984 2041 2055 Hic,
2072 1989 2244 2061 inquit
2284 1996 2516 2058 Isidorus
2543 2002 2629 2077 (i),
2670 2025 2703 2063 a
2725 2012 2982 2083 principio
3016 1984 3488 2096 manubiali};

1903 2081 2126 2150 primum
2170 2086 2624 2156 Justinilunioris
2658 2104 2858 2176 imperii
2887 2127 3114 2183 annum,
3156 2119 3348 2177 brevem
3394 2141 3489 2195 per

1910 2176 2131 2195 “mp,
2407 2185 2420 2195 .

3101 2176 3111 2183 ,
3340 2176 3343 2177 ,
3394 2176 3473 2195 Γ--

1903 2176 2137 2232 consules
2174 2195 2374 2239 annuos
2402 2185 2702 2247 bellicarum
2728 2200 3286 2279 ccclesiasticarumque
3311 2216 3485 2270 rerum

219 2234 452 2303 appellat
496 2233 569 2307 (c)
601 2253 615 2291 :
649 2236 776 2294 licet
806 2238 931 2295 alibi
968 2242 1109 2311 apud
1139 2244 1418 2311 eumdem,
1452 2261 1635 2304 errore
1670 2264 1800 2306 sane
1832 2244 1845 2266 ³

1900 2264 2275 2326 nobilissimam
2296 2282 2639 2353 promulgavit
2665 2287 2953 2360 historiam,
2981 2297 3135 2353 laude
3156 2264 3484 2363 et'notatioue

1897 2356 2169 2429 illustrem,
2192 2383 2251 2420 ac
2273 2375 2518 2429 memoria
2543 2377 2917 2450 dignissimam.
2946 2392 3121 2462 Atque
3150 2396 3203 2452 in
3235 2401 3480 2458 eamdem

1895 2454 2216 2512 sententiam
2268 2461 2395 2517 alibi
2449 2465 2544 2535 (ί),
2588 2482 2870 2543 postquam
2916 2454 3479 2548 laudavit

1894 2538 2284 2606 Caesariensem
2317 2561 2371 2609 et
2394 2555 2776 2631 Hieronymum
2794 2608 2809 2634 ,
2834 2571 2921 2638 qui
2948 2572 3302 2650 clirom’corum
3324 2598 3482 2639 cano-

1892 2648 2017 2689 num
2054 2642 2387 2713 multiplicem
2412 2649 2682 2709 ediderunt
2706 2656 2973 2717 historiam
2992 2705 3008 2732 ,
3052 2642 3219 2739 regnis
3247 2673 3402 2729 simul
3428 2684 3481 2732 et

1894 2733 2208 2799 temporibus
2236 2741 2563 2810 ordinatam;
2608 2749 2787 2806 subdit
2822 2752 2893 2810 de
2934 2733 3413 2834 nostro'scriptorc
3458 2786 3476 2824 :

1890 2815 2095 2874 Dehinc
2141 2825 2233 2879 alii
2266 2837 2419 2902 atque
2461 2834 2595 2905 alii;
2636 2839 2770 2895 inter
2814 2861 2941 2915 quos
2986 2815 3478 2921 prazcipuerVictor

2245 2916 2494 2981 Ecclesia:
2519 2929 2807 3002 episcopus,
2832 2942 3093 2998 recensitis
3114 2946 3345 3015 priorum
3368 2951 3476 3008 Itis-

1889 3005 2063 3074 toriis,
2103 3019 2249 3079 gesta
2277 3020 2593 3087 sequentium
2618 3034 2831 3083 natatum
2859 3046 3017 3104 usque
3055 3037 3124 3091 ad
3150 3044 3474 3100 consulatum

1884 3094 2082 3155 Justini
2106 3101 2340 3162 Iunioris
2367 3111 2690 3183 imperatoris
2715 3094 2949 3193 explevit:
2983 3128 3246 3191 lsitlorum
3263 3177 3279 3204 ,
3308 3154 3467 3209 quem

1885 3197 1941 3247 et
1960 3191 2286 3254 Trithemius
2304 3204 2583 3276 exscripsit
2596 3209 2694 3280 (lc),
2714 3191 2898 3283 paucis
2917 3223 3182 3279 contraxit
3199 3191 3469 3288 Honorius

1882 3281 2384 3355 Augustoduucnsis
2418 3295 2501 3367 (ι).
2534 3316 2552 3349 ι
2584 3299 2688 3357 Sed
2709 3281 2755 3360 si
2776 3321 2901 3365 vere
2921 3320 3144 3385 uterque
3163 3281 3267 3386 ait,

3058 3371 3074 3385 .
3129 3371 3137 3372 ί
3168 3371 3257 3386 η--ι
3288 3371 3461 3394 ---“ι“·“-

1883 3371 2108 3434 Vossius
2139 3379 2260 3453 (ηπ),
2286 3382 2551 3445 Chronica
2577 3406 2758 3451 orsum
2787 3398 2951 3458 fuisse
2977 3405 3047 3461 ab
3075 3406 3226 3465 initio
3253 3415 3465 3486 mundi,

1882 3467 2169 3540 contigerit
2217 3474 2417 3535 Victori
2472 3481 2614 3542 idem
2663 3502 2725 3544 ac
2775 3490 3072 3567 Prospero;
3122 3519 3282 3573 quem
3338 3467 3462 3567 CIIII;

1868 3556 2192 3621 Gennadius
2215 3567 2359 3625 dicat
2375 3571 2445 3627 ab
2467 3575 2598 3633 orbe
2616 3582 2834 3639 condito
2856 3556 3460 3659 inchoasseIChronicon

1881 3664 2063 3722 suum,
2096 3662 2275 3715 tamen
2296 3662 2411 3731 ejus
2439 3663 2491 3721 id
2511 3680 2670 3726 omne
2687 3671 2916 3743 deperiit
2935 3681 3077 3749 quod
3099 3690 3311 3757 tempus
3327 3689 3459 3748 illud

1879 3744 2186 3815 antecessit,
2216 3749 2306 3806 ubi
2334 3752 2493 3811 desiit
2521 3758 2711 3819 beatus
2740 3764 3117 3841 Hieronymus.
3141 3775 3284 3836 Sane
3309 3782 3460 3838 simi-

1878 3831 2005 3890 liter
2041 3838 2172 3895 nihil
2202 3843 2429 3913 amplius
2463 3846 2720 3909 habemus
2750 3831 2980 3916 Victoris
3013 3878 3170 3935 quam

1879 3924 2011 3995 cipit
2032 3934 2271 4001 tempora
2302 3950 2332 3989 a
2354 3934 2623 4010 Prospero
2645 3943 2934 4019 descripta,
2959 3924 3268 4015 utindicaiit
3294 3963 3461 4021 verba

1877 4029 1996 4086 qua:
2023 4017 2206 4077 libello
2240 4023 2559 4086 Victoris....
2593 4017 3015 4106 praemittuntur.
3044 4045 3153 4104 Nec
3194 4051 3457 4123 decipiat,

1740 4104 1777 4204 Ξῖ
1876 4108 2019 4178 quod
2061 4114 2199 4210 apud
2247 4115 2533 4210 llenricum
2585 4104 2860 4191 Canisium
2912 4135 2993 4205 (η)
3044 4104 3452 4210 legatur-vrtuti;

1759 4191 1775 4247 i
1880 4195 2212 4258 Gennadium
2268 4204 2337 4263 de
2378 4209 2665 4283 Prospero,
2714 4228 2824 4275 tum
2867 4191 3126 4283 [siderum
3153 4229 3219 4284 de
3260 4191 3451 4291 eodem

1798 4293 1845 4360 ο
1877 4284 2065 4344 falsum
2081 4290 2278 4362 fuisse;
2304 4310 2548 4358 neutrum
2568 4306 2712 4361 enim
2733 4310 2801 4365 ab
2817 4312 2948 4369 orbe
2965 4317 3179 4372 condito
3198 4323 3451 4394 erupisse,
3475 4359 3478 4363 η

1873 4379 1970 4436 sed
2009 4383 2096 4439 ubi
2130 4382 2488 4462 Hieronymus
2529 4395 2794 4468 desierat,
2836 4403 2909 4460 ibi
2950 4379 3313 4482 Prosperuml;

1873 4469 2107 4543 Prosper
2150 4476 2293 4546 linit,
2331 4480 2404 4538 ibi
2435 4484 2704 4544 Victorem
2740 4495 2968 4565 coepisse
3003 4514 3019 4554 :
3059 4506 3276 4562 errandi
3318 4520 3455 4568 vero

1871 4566 2210 4626 occasionem
2253 4587 2319 4629 eo
2344 4583 2399 4631 et
2441 4575 2715 4638 Gennadio
2741 4593 2796 4640 et
2819 4588 3052 4661 Isidoro;
3083 4594 3260 4655 datam
3296 4617 3449 4671 esse,

1870 4658 2013 4727 quod
2035 4660 2089 4716 in
2103 4664 2377 4738 utriusque
2398 4670 2505 4726 line
2526 4675 2651 4730 anni
2666 4675 2733 4732 ab
2748 4680 2880 4738 orbe
2892 4658 3111 4744 condito
3120 4658 3441 4765 colligantur

1868 4764 2041 4822 usque
2068 4756 2135 4812 ad
2166 4756 2296 4814 illud
2328 4770 2538 4835 tempus
2569 4766 2655 4823 ubi
2682 4769 2932 4831 fecissent
2960 4782 3227 4839 scribendi
3248 4756 3441 4846 linem.

1867 4840 2031 4912 Nihil,
2072 4846 2319 4921 inquam,
2350 4853 2543 4912 horum
2560 4874 2792 4922 movere
2811 4866 3031 4938 debent,
3062 4840 3441 4943 quando

1866 4934 1957 4993 ille
1980 4937 2326 5002 doctissimus
2352 4947 2435 5003 vir
2463 4963 2580 5005 eam
2611 4954 2919 5023 opinionem
2951 4962 3093 5019 notis
3132 4966 3186 5022 in
3217 4969 3446 5042 Prospe-

1864 5041 1985 5083 rum
2029 5038 2305 5090 retractat.
2360 5054 2382 5090 ι
2432 5038 2701 5102 Hactenus
2744 5046 2996 5121 Vossius;
3044 5055 3136 5126 qui
3189 5060 3443 5120 nimirum

1856 5114 2057 5176 {sideri
2073 5128 2126 5179 et
2140 5122 2363 5185 Honorii
2386 5134 2702 5195 auctoritate
2718 5137 2908 5200 ductus
2928 5114 3179 5219 coniecit,
3201 5165 3230 5206 a
3257 5154 3441 5212 mundi

1859 5337 2018 5467 16$)
2040 5340 2217 5399 Breul.
2242 5345 2310 5401 ad
2328 5360 2455 5419 opp.
2480 5349 2604 5407 lsid.
2629 5352 2780 5427 ilisp.
2806 5372 2927 5430 pag.
2953 5360 3077 5431 786,
3102 5362 3233 5422 edit.
3258 5365 3437 5429 Paris.

2025 5483 2152 5564 l_s_id.
2176 5485 2334 5564 Δῌίξιρ.
2365 5490 2434 5564 de
2463 5492 2661 5564 Script.
2692 5498 2830 5554 eccl.
2859 5500 2900 5557 l.
2944 5517 2994 5558 c.

1928 5554 2005 5632 ρ)
2028 5554 2372 5632 [ἀνλοτίέίη.
2402 5562 2496 5619 lib.
2527 5554 2642 5632 v,’t.
2672 5580 2724 5623 c.

1930 5623 2291 5704 ρυξζιυίιὴθιηξ
2319 5631 2387 5688 de
2412 5623 2609 5704 Script.
2637 5638 2770 5694 eccl.
2796 5654 2917 5704 cap.
2942 5643 3074 5704 214.

1955 5650 2006 5695 n,
2037 5650 2289 5685 intuem.
2319 5650 2387 5688 ae
2412 5650 2770 5763 bengneect.
2796 5654 2917 5768 calp.
2942 5650 3006 5727 ili
3019 5650 3074 5704 4.

1951 5693 2497 5792 ρλῐῖεξιρξἌᾼιξβίςιρ
2557 5778 2570 5792 ¹
2594 5717 2850 5792 [ιρι-...θος
2879 5754 2893 5768 .
2927 5715 3022 5773 ltb.
3066 5735 3153 5792 ttt,
3186 5738 3238 5780 c.
3267 5725 3357 5782 29.

1951 5717 1992 5763 ι)
2019 5717 2217 5756 nonor.
2260 5717 2397 5828 Anf.
2426 5717 2497 5760 ae
2522 5717 2718 5777 Script.
2755 5717 2893 5768 eccl.
2927 5717 3022 5773 lib.
3066 5735 3153 5789 itt,
3186 5738 3238 5780 c.
3267 5725 3357 5782 29.

1951 5768 2206 5862 melleis.
2230 5771 2342 5862 del
2356 5777 2524 5862 pistor.
2554 5778 2671 5862 bat.
2697 5781 2901 5862 libum,
2926 5801 3048 5858 cap.
3071 5791 3125 5862 ὅ,
3148 5808 3205 5860 p.
3230 5798 3359 5857 748.

1950 5837 2008 5910 n)
2036 5839 2214 5899 Canis.
2237 5846 2448 5915 prati-at.
2478 5848 2532 5906 in
2555 5849 2759 5909 Chron.
2791 5837 2979 5929 Pro'sp:

2898 6010 2972 6079 30
