4010 6358
534 361 642 425 9ιὸ

1656 360 1969 420 VICTORIS
2008 358 2223 420 EPISC.
2263 357 2692 419 TUNUNENSIS

3709 346 3832 406 9H

607 472 799 531 Aetius
846 474 1127 546 patricius,
1159 472 1517 531 Valentiniani
1564 473 1788 543 Augusti
1831 488 1992 529 manu
2032 474 2114 529 in-
2140 482 2188 539 Α
2283 475 2567 532 iuvenalis
2599 471 3089 544 Hierosolymarum
3121 468 3406 541 episcopus
3434 466 3643 524 litteris
3674 466 3827 522 Lee-

538 573 626 626 Ira
658 566 913 638 palatium
940 567 1114 639 primo
1144 581 1431 640 percussus
1459 609 1476 635 ,
1520 567 1983 622 circumstantium
2006 567 2119 636 gla-

2221 568 2305 625 nis
2352 567 2578 623 Romani
2630 564 2888 622 antistitis
2940 564 3197 620 adversus
3237 574 3483 620 errorem
3544 557 3825 629 Eutychis

540 658 877 715 diiscrudeli
907 667 1081 715 morte
1107 659 1499 731 exstinguitur;
1543 660 1869 730 Beetiusque
1895 658 2119 730 praefec-
2222 660 2575 731 Diescerique
2604 665 2863 715 armatur.

540 761 631 810 tus
658 752 1007 809 nihilominus
1034 753 1320 810 occiditur.

613 846 986 902 Valentiniano
1012 860 1106 902 vut
1131 856 1186 903 et
1212 846 1501 903 Anthemio
1521 860 1667 903 coss.
1707 844 1797 917 (A.
1821 844 1973 917 455).

614 937 1020 993 Valentinianus
1050 938 1244 1008 imper.
1270 939 1456 993 Romae
1486 939 1540 994 in
1568 938 1767 1009 Campo
1788 937 1998 1005 Martio,
2024 935 2123 994 de-

544 1026 614 1083 iis
654 1026 868 1083 Maximi
898 1028 1108 1098 patricii
1132 1039 1186 1085 et
1226 1030 1455 1086 Heraciii
1497 1030 1772 1101 praepositi
1811 1030 2122 1100 perimitur;

2294 754 2483 826 Magno
2507 763 2563 811 et
2588 752 2872 825 Apollonio
2896 764 3039 809 coss.
3077 750 3167 823 (A.
3193 746 3350 819 460).

2301 860 2324 888 ε
2358 848 2675 904 Timotheus
2727 847 3012 917 episcopus
3058 842 3373 900 interfector
3417 838 3663 897 Proterii
3704 837 3822 907 epi-

2227 944 2400 1014 scopi,
2441 943 2641 999 Leonis
2667 940 2925 1013 principis
2947 946 3245 1009 prtecepte,
3273 936 3328 991 vi
3366 949 3396 991 a
3421 934 3554 991 sede
3587 933 3826 988 Alexan-

2228 1037 2395 1093 drinae
2424 1045 2609 1107 raptus
2642 1035 2923 1100 Ecclesiae,
2951 1033 3227 1090 Chersona
3271 1030 3463 1086 exsilio
3507 1029 3826 1097 relegatur;

542 1121 790 1190 idemque
830 1122 1091 1177 Maximus
1122 1138 1185 1178 ex
1216 1124 1437 1180 censule
1466 1132 1520 1179 et
1550 1123 1772 1193 patricio
1806 1121 1922 1192 ejus
1956 1123 2123 1179 sumit
2230 1137 2286 1184 et
2320 1138 2466 1207 ‘post
2518 1142 2736 1184 menses
2780 1126 2814 1182 5
2860 1125 3036 1182 eidem
3086 1121 3466 1180 Alexandrinae
3520 1118 3789 1175 Ecclesiae
3811 1158 3829 1182 ,

544 1210 832 1282 imperium
865 1212 1054 1270 diebus
1084 1215 1175 1270 67.
1207 1215 1305 1271 llic
1335 1216 1509 1285 itaque
1536 1215 1733 1270 malum
1760 1214 1903 1284 quod
1932 1214 2130 1270 latebat
2234 1224 2372 1279 alius
2424 1238 2521 1293 pro
2578 1238 2643 1280 ee
2696 1220 3011 1278 Timotheus
3059 1225 3415 1290 cognomento
3468 1213 3830 1271 Salat‘ratatns

546 1310 819 1375 apparuit.
857 1306 975 1364 Mox
1009 1310 1250 1365 relictam
1292 1308 1983 1378 ValentinianiAugustam,
2030 1307 2131 1363 viri

2274 1316 2669 1388 Salafaciarim],
2694 1315 2886 1388 synodi
2911 1310 3366 1371 Chalcedonensis
3393 1309 3688 1375 defensor,
3713 1305 3825 1375 epi-

543 1401 747 1459 cxitum
780 1401 864 1457 sui
913 1402 1098 1474 lugere
1144 1419 1250 1458 non
1290 1404 1635 1473 permittens,
1686 1403 1739 1457 in
1785 1400 2129 1457 matrimonio
2235 1423 2433 1479 scepus
2455 1408 2758 1464 ordinatur.

546 1493 734 1549 sumit.
785 1494 890 1550 Sed
920 1494 1008 1551 his
1040 1496 1194 1551 malis
1224 1496 1408 1566 pejora
1439 1495 1755 1561 succedunt,
1782 1494 1909 1549 dum
1937 1493 2138 1548 adven-

547 1598 660 1643 tum
690 1587 975 1645 Genserici'
1019 1588 1383 1645 Vandalorum
1421 1590 1565 1659 regis
1594 1588 1867 1656 formidat,
1920 1595 1978 1643 et
2005 1601 2138 1642 cun-

548 1683 654 1736 ctis
707 1682 1015 1739 volentibus
1059 1682 1203 1738 Urbe
1252 1684 1509 1739 recedere
1570 1682 1840 1738 licentiam
1905 1681 2133 1737 tribuit:

550 1774 865 1845 priusquam
886 1774 1063 1845 fugam
1089 1790 1248 1846 quam
1274 1777 1560 1846 cogitabat,
1582 1782 1901 1840 assumeret,
1928 1773 2139 1830 occisus

2310 1500 2592 1557 Cadalail‘e
2623 1497 2938 1572 [Dagalaifo]
2969 1507 3025 1555 et
3050 1496 3312 1554 Severine
3347 1493 3443 1565 (A.
3468 1493 3637 1563 461).

2312 1595 2493 1651 Leone
2540 1595 2676 1663 Aug.
2720 1607 2757 1646 ιι
2797 1592 2886 1661 (A.
2918 1590 3049 1662 462)
3088 1596 3145 1646 et
3186 1586 3411 1644 Viviane
3448 1599 3505 1641 v.
3548 1598 3610 1640 c.
3647 1595 3788 1640 coss.
3812 1585 3828 1608 '

2242 1687 2335 1758 (A.
2353 1685 2503 1754 465).

2312 1776 2766 1851 Carthaginiensis
2807 1774 3063 1832 Ecclesia:
3099 1784 3218 1844 post
3244 1771 3603 1844 Capreelum,
3653 1768 3829 1839 Quod-

546 1864 997 1936 membratitnque
1051 1866 1302 1922 concisus
1354 1866 1409 1922 in
1455 1866 1691 1924 Tiberim
1742 1866 1963 1923 ﬂuvium
2012 1879 2136 1936 pro-
2164 1874 2214 1938 Β
2240 1873 2487 1930 vultdeus
2515 1871 2783 1942 Eugenius
2812 1868 3092 1939 episcopus
3124 1865 3403 1922 ordinatur
3426 1861 3481 1919 ἀ.

544 1957 718 2029 iectus
759 1968 860 2015 ρει.

628 2052 785 2106 Aetio
817 2061 870 2107 et
895 2051 1085 2108 Studio
1117 2067 1260 2109 coss.
1288 2061 1344 2110 et
1365 2053 1650 2125 praefectis.

622 2141 799 2199 Tertia
842 2144 930 2199 die
959 2154 1239 2216 postquam
1292 2146 1552 2201 Maximus
1596 2146 1880 2215 occiditur,
1932 2146 2139 2203 Censeo

552 2236 696 2291 ricus
728 2237 1090 2293 Vandalorum
1138 2254 1233 2295 rex
1265 2238 1558 2295 Romanam
1590 2241 1774 2296 urbem
1823 2240 2139 2311 ingreditur,

553 2339 608 2383 ct
639 2343 729 2396 per
760 2330 824 2381 Ην
855 2329 971 2385 dies
1001 2332 1211 2386 cunctis
1241 2331 1433 2401 opibus
1462 2332 1664 2399 nudat,
1699 2347 1987 2404 secumque
2018 2333 2144 2388 inde

554 2418 912 2475 Valentiniani
956 2421 1097 2476 filias
1123 2430 1178 2477 et
1217 2436 1439 2479 uxorem
1481 2438 1543 2478 ac
1584 2424 1915 2493 captivorum
1970 2423 2136 2478 multa

554 2512 720 2565 millia
771 2512 932 2567 tollit.
987 2512 1059 2567 Ut
1097 2521 1274 2568 autem
1322 2516 1389 2569 ah
1442 2513 1712 2579 incendio,
1756 2515 2034 2570 tormentis
2086 2522 2144 2569 et

555 2603 735 2672 gladio
764 2604 1077 2674 abstineret,
1113 2621 1262 2676 papa:
1290 2606 1487 2662 Leonis
1517 2607 1831 2663 intercessio
1851 2607 1999 2663 facit.
2034 2608 2146 2662 Hu-

551 2695 643 2765 jus
670 2712 882 2767 quoque
922 2698 1246 2767 captivitatis
1277 2699 1345 2755 75
1383 2699 1470 2755 die
1510 2701 1717 2755 Anitius
1749 2698 2018 2771 [Avitus],
2059 2700 2142 2755 vir

556 2792 719 2846 totius
750 2791 1127 2861 simplicitatis,
1158 2794 1210 2848 in
1241 2792 1423 2848 Galliis
1452 2793 1735 2863 imperium
1766 2794 1950 2850 sumit.

629 2880 837 2938 Joanne
865 2892 919 2938 et
949 2883 1157 2939 Varane
1187 2898 1325 2940 coss.
1375 2888 1463 2954 (A.
1494 2886 1647 2958 456).

628 2975 921 3033 Ricimirus
956 2978 1211 3048 patricius
1252 2978 1467 3034 Avitum
1511 2989 1755 3050 superat,
1797 2980 1951 3050 cujus
1993 2979 2148 3035 inne-

558 3070 754 3128 centiaz
778 3085 1006 3140 parcens
1033 3069 1321 3125 Placentia:
1353 3070 1586 3127 civitatis
1614 3072 1926 3141 episcopum
1957 3069 2102 3126 facit.

530 3232 535 3237 Ξ
629 3160 983 3217 Constantino
1011 3169 1065 3217 et
1093 3161 1231 3218 Rufe
1252 3176 1391 3218 coss.
1424 3162 1513 3234 (A.
1538 3162 1691 3234 457).

2313 1965 2534 2039 Olybrio
2560 1974 2614 2020 et
2634 1963 2857 2019 Rustice
2882 1975 3024 2017 coss.
3051 1969 3074 1997 °
3110 1959 3179 2030 (A
3205 1956 3362 2028 465).

2316 2057 2644 2114 Gensericus
2669 2054 3032 2112 Vandalerum
3065 2067 3180 2119 rex,
3216 2059 3339 2119 post
3374 2049 3681 2127 multat-pm
3714 2061 3829 2119 pro-

2244 2152 2539 2208 vinciarum
2581 2148 2783 2213 clades,
2815 2155 2871 2202 et
2898 2144 3184 2201 Christiani
3208 2142 3349 2213 apud
3379 2140 3632 2197 Africam
3662 2139 3830 2209 populi

2247 2243 2416 2316 spolia
2463 2251 2624 2312 atque
2662 2254 2842 2305 neces,
2902 2236 3126 2293 moritur
3172 2248 3312 2289 anno
3360 2232 3516 2304 regni
3574 2231 3668 2288 40.
3717 2232 3832 2286 Post

2248 2351 2407 2406 quem
2429 2334 2725 2404 Ugnericus
2744 2331 2881 2385 filius
2904 2329 3021 2399 ejus
3043 2335 3229 2398 regnat
3249 2340 3421 2380 annos
3446 2326 3504 2393 7,
3540 2338 3757 2380 menses
3776 2323 3826 2377 5.

2250 2428 2385 2484 Huic
2414 2426 2677 2497 Ugnerico
2706 2432 2857 2495 pater
2898 2420 3215 2477 Gensericus
3248 2417 3620 2473 Valentiniani
3648 2417 3818 2482 tiliam,

2247 2534 2406 2591 quam
2447 2532 2511 2574 cx
2543 2518 2713 2572 Roma
2753 2513 3018 2585 captivam
3066 2511 3379 2574 abduxerat,
3407 2510 3487 2564 .in
3529 2508 3820 2578 coniugium

2249 2613 2490 2670 tradidit.

2321 2707 2537 2763 Hermia
2566 2698 3018 2778 [llermineriche]
3039 2706 3094 2757 et
3116 2697 3372 2754 Basilisco
3392 2711 3537 2753 coss.
3565 2697 3661 2769 (A.
3685 2695 3830 2766 465).

2323 2799 2676 2856 Antiochense
2716 2795 2971 2852 Ecclesiae
2997 2794 3361 2864 episcopatum
3392 2802 3512 2861 post
3538 2790 3833 2847 Maximum

2250 2894 2392 2963 cepit
2435 2889 2760 2946 Alexander.
2829 2885 3335 2957 Hiereselymitana:
3389 2896 3512 2938 vero
3560 2880 3836 2937 Ecclesiae

2249 2992 2371 3053 post
2398 2981 2710 3039 Juvenalem
2745 2987 2940 3050 praeest
2968 2975 3304 3033 Anastasius.

2325 3074 2504 3131 Leone
2531 3075 2667 3143 Aug.
2694 3087 2752 3127 ιιι
2781 3085 2895 3130 cos.
2929 3069 3019 3141 (A.
3047 3068 3199 3139 466).

2328 3167 2620 3239 Ugnericus
2650 3163 3008 3219 Vandalerum
3044 3175 3173 3229 rex,
3208 3159 3406 3215 Ariane
3430 3156 3729 3213 suscitatus
3752 3154 3837 3211 fu-

629 3254 929 3311 Marcianus
952 3256 1245 3326 imperator
1272 3256 1507 3312 Orientis
1536 3254 1998 3327 Constantinopoli
2031 3272 2146 3313 mo-
2172 3276 2219 3340 ρ
2252 3275 2399 3327 rere,
2449 3257 2745 3314 catholicos
2772 3271 2869 3327 per
2914 3253 3151 3311 Africam
3200 3251 3319 3323 plus
3350 3258 3502 3321 patre
3547 3248 3833 3319 persequi-

557 3347 721 3413 ritur,
767 3356 819 3402 et
846 3362 944 3418 pro
970 3362 1037 3404 eo
1066 3347 1176 3403 Leo
1206 3348 1499 3420 imperator
1522 3347 1752 3406 efficitur
1782 3350 2148 3407 Romanorum

560 3455 744 3496 xum.
776 3440 887 3497 Leo
914 3450 1103 3513 regnat
1134 3443 1290 3497 annis
1324 3442 1412 3499 16.

632 3543 661 3572 ι
692 3534 1020 3589 Alexandria
1049 3533 1390 3607 et-Aigyptus
1414 3550 1602 3593 errore
1622 3537 1865 3593 Dioscori
1889 3537 2152 3605 languens

561 3626 781 3683 decreta
821 3627 1274 3684 Chalcedonensis
1312 3629 1506 3700 synodi
1551 3646 1660 3685 non
1703 3631 1923 3702 recepit.
1966 3631 2154 3686 Prote-

560 3719 705 3774 rium
759 3720 1051 3775 antistitem
1102 3720 1344 3776 Dioscori
1404 3736 1797 3789 successorem,
1855 3731 1910 3779 et
1958 3723 2152 3796 synodi

562 3808 1022 3867 Chalcedonensis
1046 3811 1384 3868 decretorum
1414 3814 1691 3869 custodem
1719 3815 1955 3885 populus
1982 3815 2143 3871 Dios—

561 3903 868 3969 coritanus,
914 3903 1181 3960 seditione
1211 3904 1346 3961 facta
1374 3906 1660 3964 Timotheo
1685 3916 1907 3965 auctore
1937 3921 2152 3979 cogno-

568 4002 753 4053 mento
798 3996 1001 4052 Herule
1047 3996 1323 4072 [Erulo],
1374 3999 1642 4057 interfecit
1688 4017 1742 4057 VI
1799 4003 1900 4058 cal.
1954 4001 2152 4073 Aprilis

564 4087 689 4162 [teg.
722 4104 773 4144 Vl
804 4089 929 4145 anni
961 4087 1111 4161 45η,
1145 4107 1197 4146 vr
1238 4089 1370 4147 feria
1409 4093 1612 4149 ultima:
1664 4094 1993 4166 jejuniorum
2022 4095 2152 4152 heb-

566 4180 833 4249 domade),
873 4183 960 4239 die
997 4198 1101 4255 qua
1130 4192 1316 4241 noster
1355 4186 1603 4242 Salvator
1631 4194 1685 4244 ct
1715 4188 1966 4245 Dominus
1996 4203 2025 4242 a
2056 4187 2151 4244 Ju-

564 4274 700 4333 daeis
722 4283 806 4333 est
828 4275 1139 4333 cruciﬁxus.
1166 4276 1317 4334 Tunc
1341 4279 1483 4335 enim
1515 4279 1719 4335 Pascha
1751 4280 1986 4352 Domini,
2023 4294 2147 4336 cum

564 4374 758 4437 quarto
789 4376 875 4424 est
915 4369 1020 4424 cal.
1052 4368 1225 4440 April.
1276 4368 1605 4428 celebratum
1636 4390 1649 4427 :
1675 4372 1919 4429 Proterie
1966 4373 2147 4443 itaque

566 4460 912 4532 interempto,
941 4460 1256 4519 Timotheus
1289 4464 1563 4534 praefatus,
1596 4474 1952 4536 cognomento
1981 4466 2153 4523 Heru-

496 4580 497 4583 η
564 4552 650 4610 ius
698 4552 998 4626 [Elurus],
1048 4555 1501 4615 Chalcedonensis
1555 4560 1748 4631 synodi
1796 4560 2147 4627 obtrectator,

562 4646 683 4715 ejus
705 4644 1075 4716 episeepatum
1104 4647 1507 4721 Ecclesiamqne
1528 4651 1793 4722 pervadit.

628 4737 813 4796 Leone
842 4738 978 4810 Aug.
1009 4753 1122 4797 cos.
1145 4740 1235 4812 (A.
1260 4741 1413 4813 458).

631 4826 990 4902 Iillajeranus
1036 4830 1226 4890 Romae
1269 4834 1551 4905 imperium
1597 4834 1780 4891 sumit.
1835 4835 2150 4896 Timotheus

561 4920 946 4980 Alexandrinae
973 4923 1233 4982 Ecclesiae
1276 4926 1575 4996 incubator,
1615 4928 1926 4990 defensores
1954 4931 2149 5003 synodi

557 5008 1019 5075 Chalcedonensis
1055 5017 1375 5089 insequitur.

640 5105 881 5167 Patricio
904 5117 962 5167 et
990 5109 1262 5169 Ricimere
1281 5124 1422 5170 cess.
1448 5111 1540 5184 (A.
1569 5113 1720 5187 459).

636 5276 663 5306 ι
685 5266 788 5323 His
822 5267 1130 5337 temporibus
1156 5265 1531 5340 Theodericus,
1561 5270 1722 5342 frater
1752 5271 2150 5342 Thurismundi,

558 5337 755 5395 Gothos
780 5339 913 5395 reait
938 5354 1061 5395 ann.
1089 5340 1145 5395 9.
1176 5340 1374 5395 Senes.

610 5340 913 5465 o‘t’hﬁsfeqit
938 5354 1061 5395 ann.
1089 5340 1145 5396 9.
1162 5340 1374 5424 Senes.
1562 5340 1568 5342 ⁷
1661 5414 1673 5426 .
1731 5414 1745 5427 .
1895 5414 1907 5426 α
2133 5340 2141 5342 ⁷

753 5428 796 5465 ts
816 5412 992 5467 diebus
1016 5409 1172 5489 Gothi
1194 5421 1373 5489 contra
1398 5413 1591 5489 Suevos
1617 5414 1943 5489 dtnttgantm
1964 5430 2147 5489 campo

559 5478 815 5563 Parente,
827 5492 987 5563 Juxta
1008 5484 1201 5554 ﬂumen
1231 5484 1493 5556 Urbicum,
1524 5487 1579 5541 in
1602 5502 1702 5557 quo
1727 5485 1882 5540 Gothi
1906 5478 2147 5544 exstitere

578 5570 586 5593 ἱ
887 5590 902 5607 ο

554 5562 795 5748 ἷῗέοῇἷί
826 5556 1009 5681 atticen:
1045 5624 1353 5698 Majoranus
1399 5627 1526 5700 imp.
1569 5626 2014 5701 Ctesaraugttstam
2065 5648 2151 5687 ve-

581 5708 613 5745 ii
643 5733 657 5747 .
707 5710 760 5749 υ.

630 5763 657 5800 ἀ
687 5764 840 5830 Adde
883 5778 952 5825 ex
980 5766 1180 5828 Canisii
1209 5768 1449 5830 editione
1477 5771 1821 5842 :Maierauus
1856 5773 2039 5833 Roma
2065 5790 2155 5832 oc-

2259 3361 2343 3408 tur
2375 3369 2389 3406 :
2422 3349 2853 3406 Christianorum
2883 3346 3137 3404 ecclesias
3165 3344 3321 3412 tellit,
3344 3352 3402 3400 et
3429 3342 3735 3399 catholicos
3756 3354 3833 3395 sa-

2256 3443 2503 3501 cerdotes
2531 3442 2722 3499 exsilio
2762 3440 2945 3495 mittit.

2327 3536 2503 3593 Busce
2534 3534 2627 3608 [αι.
2659 3531 2871 3604 Pusam]
2898 3541 2953 3589 et
2982 3532 3188 3589 Joanne
3207 3544 3350 3588 coss.
3383 3530 3480 3602 (A.
3507 3527 3667 3601 467).

2328 3629 2552 3700 Signum
2603 3627 2658 3683 in
2694 3626 2832 3682 ccelo
2862 3640 2929 3681 ex
2973 3625 3116 3682 nube
3140 3624 3285 3680 velut
3326 3631 3549 3679 centum
3601 3618 3835 3693 apparuit

2258 3704 2357 3794 per
2392 3722 2511 3779 dies
2556 3722 2647 3777 40:
2699 3719 2989 3777 Antherius
3032 3714 3393 3792 [Anthemius]
3438 3716 3638 3773 Roma:
3680 3716 3832 3787 impe~

2254 3815 2397 3871 rium
2422 3813 2675 3885 sumpsit.

2335 3906 2355 3945 ί
2390 3906 2570 3963 Leone
2595 3921 2648 3961 ιιι
2667 3911 2725 3963 et
2752 3904 3039 3962 Anthemio
3068 3920 3106 3960 ιι
3127 3916 3268 3960 coss.
3298 3902 3391 3976 (A.
3419 3900 3583 3974 468).

2255 4008 2270 4051 ῖ
2328 4001 2438 4057 Leo
2459 3998 2596 4071 Aug.
2625 3989 3101 4070 supplicationibus
3130 3994 3511 4069 .‘Egyptierum
3541 4003 3835 4067 permotus,

2256 4101 2316 4150 ut
2357 4092 2596 4167 synodus
2648 4092 2803 4148 fieret
2832 4105 2952 4163 quae
2988 4090 3056 4145 de
3094 4089 3261 4161 gestis
3306 4087 3502 4160 synodi
3544 4085 3835 4144 Chalcede-

2255 4188 2440 4245 nensis
2469 4187 2732 4259 judicium
2782 4186 2966 4253 ferret,
3007 4184 3074 4239 ad
3116 4182 3551 4255 cognoscendam
3606 4182 3835 4252 singulo-

2254 4294 2378 4335 rum
2400 4278 2583 4345 fidem,
2608 4277 2972 4334 Ecclesiarum
3002 4275 3324 4347 praesulibus
3352 4276 3649 4346 unicuique
3675 4287 3839 4331 seme-

2252 4373 2353 4427 tim
2384 4372 2634 4441 scripsit;
2685 4385 2716 4426 a
2746 4369 2971 4441 singulis
3021 4369 3279 4441 epistolas
3330 4376 3600 4439 tanquam
3644 4384 3706 4425 ex
3737 4379 3838 4421 una

2253 4465 2535 4522 collatione
2591 4478 2857 4521 consonas
2914 4462 3191 4532 suscepit,
3248 4462 3303 4518 id
3368 4460 3486 4516 fieri
3541 4461 3836 4516 nullatenus

2254 4574 2448 4631 posse;
2481 4559 2577 4615 sed
2603 4558 2771 4629 magis
2791 4571 2854 4613 ac
2879 4557 3048 4627 magis
3070 4555 3124 4611 in
3145 4569 3242 4611 sua
3264 4555 3635 4626 perpetuitate
3658 4548 3843 4624 synodi

2179 4678 2233 4740 Β
2257 4658 2406 4721 gesta
2437 4646 2893 4704 Chalcedonensis
2922 4660 3163 4703 manere.
3201 4645 3427 4703 Exstant
3458 4660 3584 4718 quae
3614 4647 3843 4721 ἐγκύκλω

2257 4743 2450 4802 Graeco
2477 4744 2693 4816 eloquio
2721 4744 3049 4801 vocitantur.

2331 4837 2554 4893 Zenone
2582 4845 2638 4894 et
2666 4836 2929 4895 Martiano
2952 4850 3096 4895 coss.
3123 4837 3214 4910 (A.
3237 4833 3385 4905 469).

2329 4929 2590 4987 Romanae
2633 4930 2893 4990 Ecclesiae
2920 4932 3286 5003 episcopatum
3324 4934 3449 4999 post
3477 4926 3724 4986 Leonem
3763 4925 3848 4982 ili-

2264 5023 2416 5080 larus
2445 5024 2708 5096 suscepit.
3118 5080 3121 5081 ν

2336 5116 2544 5174 Joanne
2572 5116 2852 5190 [Jerdanej
2870 5123 2927 5175 et
2949 5116 3153 5175 Severo
3181 5130 3324 5176 cess-
3349 5119 3375 5159 ε
3406 5108 3501 5183 (A-
3528 5108 3688 5183 470).

2257 5275 2468 5342 eiditur,
2490 5285 2540 5332 et
2570 5276 2786 5333 Severus
2814 5276 3001 5346 imper.
3032 5292 3155 5331 nou.
3182 5274 3298 5330 Jul.
3326 5275 3504 5329 sumit.
3529 5272 3705 5346 BLSN.

2330 5355 2356 5385 ⁸
2387 5347 2487 5402 His
2508 5364 2676 5403 conss.
2719 5342 3027 5420 Majoranus
3055 5349 3235 5418 imper.
3270 5363 3303 5401 a
3331 5346 3591 5402 Ricimere
3616 5342 3858 5414 interfeco

2258 5426 2341 5473 tus
2366 5428 2459 5474 est.
2501 5419 2699 5476 Senos.

2335 5488 2355 5528 τ
2384 5489 2484 5546 llis
2512 5491 2689 5547 diebus
2714 5489 3064 5546 Theodericus
3090 5506 3181 5546 rea:
3204 5488 3491 5545 Gothorum
3533 5502 3569 5539 a
3595 5485 3708 5540 suis
3748 5482 3858 5554 gle—

2261 5561 2348 5617 die
2373 5564 2667 5633 interfectus
2696 5572 2790 5631 est,
2808 5572 2864 5633 ret
2892 5560 3113 5619 Eurictts
3145 5564 3309 5633 frater
3350 5564 3466 5624 eius
3494 5572 3589 5611 rex
3613 5557 3855 5625 edicitur.

2258 5634 2460 5716 Regnat
2480 5632 2645 5690 annos
2672 5633 2762 5691 16.
2804 5632 2883 5691 lo.
3147 5632 3152 5633 ν
3211 5704 3223 5717 ,
3253 5705 3265 5717 ο
3527 5702 3541 5713 ,

2262 5702 2657 5831 δαείιῖἓ.ιοδε.
2688 5705 2954 5765 Arelatum
2982 5711 3030 5762 et
3061 5704 3299 5762 Mastttta
3321 5721 3355 5762 a
3382 5701 3568 5760 Gothis
3601 5704 3859 5771 καρδία

2262 5791 2403 5832 sunt.
2432 5791 2508 5834 ID.

632 5926 651 5945 '
682 5921 860 5981 Leone
892 5927 1031 6001 Aug.
1060 5925 1100 5982 ri
1137 5936 1196 5986 et
1232 5926 1437 5992 Severo
1466 5932 1606 6005 Aug.
1644 5946 1809 6003 coss.,
1842 5935 2039 5994 Basilio
2081 5942 2137 5994 et
2155 5933 2383 5997 Viviano
2410 5949 2555 5995 coss.
