4010 6358
211 365 317 428 945

1629 356 2041 417 CllBONICON.

3379 358 3487 414 9.16

280 480 394 537 Leo
413 477 551 551 Aug.
586 478 867 561 Patritium
896 475 1120 548 Asparis
1149 475 1314 531 ﬁlium
1344 476 1612 532 Caesarem
1642 474 1786 530 facit.
1818 474 1880 540 Α
1901 475 2060 530 theus
2082 472 2352 542 llellurus,
2380 468 2839 527 Chalcedonensis
2863 470 3054 541 synodi
3087 467 3415 527 obtrectator
3433 479 3493 527 et

282 575 464 631 Leone
494 574 629 645 Aug.
662 589 695 628 v
720 583 773 629 et
800 572 1035 629 Probino
1060 585 1202 627 coss.
1236 569 1323 639 (A.
1350 569 1500 637 471).

288 668 464 739 Aspar
491 675 544 723 et
574 667 679 721 duo
718 666 811 721 ﬁlii
840 665 979 735 ejus,
1026 662 1280 718 Patritius
1319 661 1506 717 Caesar
1543 669 1598 715 et
1626 660 1801 716 Arda-

216 762 427 830 burius,
456 757 925 830 Constantinopoli
970 764 1237 828 praecepto
1263 754 1461 811 Leonis
1490 755 1626 825 Aug.
1658 754 1799 809 occi-

216 854 438 911 duntur.

285 945 468 1003 Leone
493 960 548 1003 vr
572 952 628 1002 et
656 944 891 1002 Probiuo
917 958 1059 1002 coss.
1086 944 1176 1015 (A.
1205 940 1357 1012 47$).

283 1039 396 1096 Leo
451 1041 588 1111 Aug.
639 1040 877 1096 Leonem
930 1045 1183 1111 nepotem
1229 1049 1417 1103 suum,
1464 1032 1699 1090 Zenonis
1751 1040 1808 1089 et

214 1130 404 1187 uxoris
444 1145 555 1187 sum
600 1130 726 1186 ﬁliae
758 1130 948 1201 ﬁlium,
980 1130 1254 1186 Caesarem
1304 1126 1541 1196 facit,.et
1583 1126 1811 1196 imperat

214 1238 345 1280 anui.
400 1223 456 1278 2.
504 1222 762 1279 Romanae
817 1222 1076 1279 Ecclesiae
1132 1222 1417 1292 episcopus
1472 1229 1595 1290 post
1663 1217 1811 1274 Hila-

216 1329 340 1372 rum
369 1312 680 1385 Simplicius
700 1314 1005 1382 ordinatur,
1030 1322 1084 1370 et
1112 1322 1233 1384 post
1259 1310 1598 1382 Simplicium
1626 1309 1808 1366 Felix.

293 1407 908 1479 Constantinopolitanae
938 1406 1195 1463 Ecclesiae
1222 1405 1533 1461 Gennadius
1561 1402 1811 1460 Anatolio

217 1500 463 1558 succedit
488 1501 545 1557 in
562 1500 902 1571 episcopatu,
926 1509 981 1555 et
1002 1498 1280 1556 Gennadio
1309 1496 1558 1553 Aeacius.

289 1613 645 1670 Antiochenae
674 1612 934 1670 Ecclesiae
962 1622 1083 1683 post
1107 1609 1476 1667 Alexandrum
1500 1608 1811 1679 Martyrius,

219 1712 277 1761 et
327 1713 450 1776 post
505 1704 821 1777 Martyrium
881 1704 1125 1761 Julianus
1176 1703 1457 1759 ordinatur
1502 1703 1810 1772 episcopus.

219 1795 728 1869 Ilierosolymitanae
757 1811 886 1853 vero
928 1796 1185 1852 Ecclesia:
1211 1794 1496 1865 Martyrius
1524 1801 1645 1865 post
1670 1794 1815 1849 Ana-

1903 567 2134 624 Proterii
2184 566 2421 637 episcopi
2469 563 2799 631 interfector,
2844 564 3103 629 moritur;
3156 570 3210 618 et
3253 560 3490 619 Alexano

1905 661 2076 717 drinae
2105 660 2365 716 Ecclesiae
2394 654 2746 730 praesulatum
2774 657 2913 713 alius
2942 656 3255 712 Timotheus
3281 654 3493 712 Salafa-

1907 754 2111 819 tiatius,
2164 752 2620 809 Chalcedonensis
2675 752 2866 824 synodi
2914 750 3187 820 defensor,
3248 751 3492 807 resumit.

1906 847 2406 918 ilicrosolymitanae
2433 849 2614 919 itaque
2646 846 2903 903 Ecclesiae
2932 846 3214 903 Sallusﬁus
3241 844 3499 917 Martyrio

1907 940 2150 996 succedit
2176 940 2489 1011 episcopus;
2526 939 2878 996 Antiocheuae
2905 953 3032 994 vero
3063 937 3256 993 Petrus
3284 950 3501 1009 cogno-

1909 1041 2093 1089 mento
2121 1033 2296 1100 Fullo,
2341 1043 2465 1105 post
2490 1033 2764 1090 Julianum
2795 1032 2887 1104 qui
2930 1030 3188 1104 Martyrio
3223 1042 3503 1087 successe-

1910 1134 2014 1193 rat,
2049 1123 2326 1181 ordinatur
2364 1126 2667 1194 episcopus.

1982 1216 2200 1273 Zenone
2228 1218 2364 1289 Aug.
2395 1230 2507 1272 cos.
2545 1217 2633 1287 (A.
2664 1215 2816 1289 479).

1984 1309 2283 1366 Hunericus
2339 1309 2706 1366 Vandalorum
2758 1324 2859 1365 rex
2919 1307 3352 1379 persecutionem
3408 1322 3506 1378 per

1911 1411 2081 1461 totam
2134 1403 2376 1459 Africam
2430 1403 2590 1460 nimis
2636 1402 2925 1471 insistens,
2975 1401 3289 1469 Tubunnis,
3340 1400 3509 1455 Macri

1913 1495 2124 1566 Nippis,
2156 1496 2383 1567 aliisque
2414 1496 2585 1552 eremi
2624 1496 2863 1567 partibus
2910 1495 3206 1552 catholicos
3239 1496 3350 1565 jam
3398 1508 3511 1550 non

1913 1590 2087 1648 solum
2118 1590 2431 1646 sacerdotes
2461 1600 2515 1645 et
2555 1590 2734 1646 cuncti
2777 1588 2984 1645 ordinis
3022 1589 3271 1658 clericos,
3313 1587 3408 1643 sed
3454 1596 3512 1643 et

1913 1685 2209 1740 monachos
2233 1690 2395 1754 atque
2424 1682 2589 1738 laicos
2612 1691 2842 1753 quatuor
2861 1682 3081 1739 circiter
3108 1679 3275 1735 millia
3297 1678 3511 1735 exsiliis
3557 1710 3569 1743 ,-

1915 1776 2227 1832 durioribus
2256 1775 2480 1845 relegat,
2509 1782 2564 1829 et
2592 1773 2937 1829 eonfessores
2963 1786 3026 1828 ac
3058 1782 3325 1842 martyres
3358 1768 3506 1838 facit,

222 1890 452 1948 stasium
475 1862 760 1962 episcopus
788 1890 1089 1946 ordinatur.
1124 1889 1221 1945 llis
1257 1862 1402 1945 coss.
1430 1862 1683 1960 Olybrius
1706 1888 1813 1944 Bo-
1842 1876 1892 1936 Β
1917 1867 2669 1962 οοιιῑθεεοτώυείιυε-ιίιξευειε
2704 1865 2954 1962 ίξδεοίάξιο
2985 1864 3131 1962 Quos:
3168 1862 3512 1962 confessores

222 1995 369 2038 mam
397 1981 565 2048 venit,
607 1991 662 2038 et
691 1981 976 2053 imperium
1019 1981 1252 2037 factione
1294 1980 1549 2037 Ricimeri
1578 1980 1809 2051 patricii,

218 2084 481 2145 regnante
520 2076 813 2132 Anthemio
837 2117 853 2145 ,
893 2076 1077 2131 sumit.
1129 2077 1247 2143 Quo
1276 2077 1460 2147 agnito
1489 2073 1812 2133 Anthemius

218 2166 275 2222 in
302 2165 483 2237 fugam
512 2182 806 2224 conversus
847 2169 1060 2223 occisus
1102 2175 1206 2235 est,
1240 2176 1292 2223 et
1330 2178 1452 2237 post
1476 2174 1657 2221 certos
1696 2164 1812 2222 dies

218 2256 555 2316 Herculanus
600 2259 811 2316 Orestis
854 2259 997 2315 ﬁlius
1041 2259 1316 2329 arripiens
1360 2257 1645 2329 imperium
1687 2269 1811 2311 cum

215 2358 373 2418 patre
399 2364 497 2405 suo
528 2350 827 2415 occiditur;
856 2359 909 2406 et
931 2349 1047 2420 ejus
1070 2364 1295 2419 regnum
1328 2363 1497 2418 nepos
1518 2347 1768 2403 assumit.

284 2439 471 2496 Leone
497 2440 701 2497 Minore
725 2442 861 2511 Aug.
894 2455 1010 2496 cos.
1042 2440 1135 2512 (A.
1162 2440 1318 2511 474).
1568 2512 1577 2519 _

285 2532 396 2589 Leo
422 2533 597 2604 Major
625 2534 763 2605 Aug.
807 2532 1275 2603 Constantinopoli
1318 2531 1567 2588 moritur.
1624 2529 1809 2605 Zenon

213 2637 250 2680 a
275 2621 461 2681 Leone
491 2600 631 2697 Aug.
664 2600 775 2681 ﬁlio
798 2625 854 2680 in
879 2623 1125 2696 Septimo
1153 2600 1344 2682 contra
1363 2600 1811 2681 consuetudinem

210 2726 531 2775 caronatur.

292 2806 660 2865 Romanorum
688 2824 815 2865 χιιι
845 2809 1026 2865 Zenon
1061 2807 1152 2880 (A.
1181 2808 1310 2880 475)
1339 2814 1531 2879 regnat
1557 2806 1712 2862 annis
1740 2806 1809 2860 17

212 2910 348 2974 post
376 2903 714 2959 consulatum
762 2902 959 2959 Leonis
1003 2901 1243 2958 Junioris
1284 2904 1425 2971 Aug.
1468 2900 1652 2955 Zenon
1676 2898 1805 2968 imp.

215 3008 468 3065 quaerens
498 2994 739 3052 Leonem
776 2998 916 3065 Aug.
951 2995 1226 3067 preprium
1274 2992 1441 3049 ﬁlium
1468 3007 1625 3048 suum
1666 2991 1811 3046 occi-

214 3082 370 3157 dere,
410 3093 466 3142 et
516 3085 635 3156 ejus
682 3086 969 3156 imperium
1017 3085 1350 3155 pervadere,
1393 3082 1557 3138 alium
1606 3095 1703 3151 pro
1743 3094 1810 3137 eo

212 3176 334 3247 ejus
391 3191 527 3234 uxor
584 3178 820 3233 Ariadne
871 3179 1112 3248 Augusta
1177 3176 1411 3233 similem
1465 3188 1690 3244 puerum
1737 3173 1810 3241 ad

1915 1961 2061 2034 quod
2090 1961 2286 2032 linguis
2314 1958 2568 2016 abscissis
2605 1957 2843 2028 perfecte
2874 1958 3037 2011 ﬁnem
3067 1954 3309 2025 adusque
3340 1952 3508 2008 locuti

1913 2063 2059 2118 sunt,
2086 2052 2213 2109 urbs
2242 2051 2387 2123 regia
2416 2052 2719 2116 attestatur,
2747 2048 2838 2103 ubi
2858 2062 3044 2104 eorum
3063 2063 3287 2116 corpora
3302 2047 3506 2117 jacent.

1913 2146 2066 2202 Tunc
2092 2146 2273 2202 Laetus
2313 2142 2597 2214 NeptciiSis
2639 2142 2897 2197 Ecclesia:
2933 2141 3219 2211 cpisc0pus
3251 2138 3512 2206 martyrio

1913 2248 2205 2297 coronatur
2238 2239 2271 2295 8
2300 2238 2404 2294 cal.
2438 2235 2657 2302 0ctob.,
2682 2244 2735 2290 et
2763 2232 3036 2305 Eugenius
3066 2234 3351 2303 episcopus
3379 2229 3511 2285 Car-

1915 2333 2267 2405 thaginiensis
2312 2330 2593 2395 Ecclesiae,
2639 2337 2759 2399 post
2784 2328 2900 2382 dira
2944 2326 3110 2382 eremi
3148 2324 3361 2391 exsilia,
3393 2322 3512 2392 plu-

1913 2429 2067 2484 rimis
2112 2426 2496 2482 afﬁictionibus
2537 2422 2825 2495 pomisque
2873 2422 3049 2476 clarus
3112 2419 3360 2474 habetur.
3412 2414 3512 2471 [lic

1912 2521 2098 2591 itaque
2151 2518 2451 2575 llunericus
2481 2516 2624 2571 inter
2674 2511 3093 2569 innumerabiles
3137 2523 3357 2565 suarum
3406 2508 3510 2561 im-

1914 2612 2171 2683 pietatum
2211 2619 2418 2681 strages
2449 2621 2581 2679 quas
2625 2606 2680 2661 in
2718 2602 3017 2660 catholicos
3064 2598 3372 2666 exercebat,
3416 2612 3511 2653 occ

1913 2710 2039 2761 tavo
2066 2701 2217 2771 regni
2256 2701 2340 2755 sui
2379 2714 2541 2765 anno,
2574 2695 2920 2753 interioribus
2957 2692 3165 2749 cunctis
3199 2690 3406 2757 effusis,
3452 2695 3513 2746 ut

1914 2793 2077 2851 Arius
2110 2804 2262 2863 pater
2299 2793 2438 2863 ejus,
2473 2791 2671 2846 misere
2714 2788 2879 2844 vitam
2912 2787 3101 2843 ﬁnivit.
3139 2783 3240 2841 Cui
3269 2781 3512 2839 succedit

1916 2884 2346 2941 Guntamuudus.
2383 2882 2649 2954 Regnavit
2678 2879 2835 2937 annis
2869 2879 2934 2934 l2
2969 2894 2983 2935 :
3013 2879 3105 2950 qui
3140 2884 3356 2935 nostros
3384 2888 3511 2945 pro-

1916 2979 2062 3037 tinus
2092 2979 2159 3035 de
2184 2978 2376 3034 exsilio
2406 2976 2696 3033 revocavit.

1985 3072 2113 3126 Post
2153 3070 2492 3125 consulatum
2521 3066 2753 3123 Zenonis
2784 3080 2840 3121 lll
2868 3065 2961 3137 (A.
3003 3062 3161 3133 480),
3192 3060 3512 3118 Timotheus

1913 3174 2269 3237 cognomento
2291 3162 2674 3226 Salafatiatius,
2706 3159 2895 3231 synodi
2922 3156 3385 3213 Chalcedonensis
3411 3154 3508 3211 de-

216 3246 449 3325 morteni
476 3268 689 3337 obtulit,
735 3278 791 3326 et
838 3246 1075 3327 Leonem
1105 3268 1357 3325 eumdem
1388 3268 1689 3338 Augustum
1715 3280 1808 3322 oe-
1831 3265 1880 3329 Ο
1912 3261 2119 3329 fensor,
2168 3259 2427 3324 moritur;
2479 3265 2533 3312 et
2563 3270 2659 3325 pro
2704 3268 2769 3310 eo
2823 3249 3203 3308 Alexandrinae
3254 3246 3513 3305 Ecclesiae

214 3362 357 3418 culte
406 3362 676 3432 totondit,
741 3378 974 3435 eumque
1029 3363 1286 3420 clericum
1347 3361 1505 3417 unius
1560 3360 1807 3418 ecclesiae

215 3452 826 3527 ConstantinOpolitanae
868 3454 1014 3511 fecit.
1049 3454 1151 3522 Qui
1182 3453 1292 3510 Leo
1334 3466 1503 3524 usque
1542 3450 1611 3507 ad
1642 3449 1809 3509 Justi-

218 3549 365 3607 niani
396 3560 640 3621 tempora
666 3549 927 3621 principis
957 3549 1112 3605 vixit.

286 3644 491 3702 Eodem
522 3645 825 3714 consulatu,
858 3644 1148 3701 Basiliscus
1177 3656 1298 3698 cum
1345 3640 1454 3696 ﬁlio
1481 3640 1666 3696 Marco
1704 3637 1810 3696 im-

218 3736 428 3809 perium
458 3752 618 3808 quam
648 3736 931 3809 tyrannice
957 3732 1426 3804 Constantinopoli
1456 3732 1642 3788 sumit.

289 3829 476 3887 Zenon
522 3834 661 3901 Aug.
712 3830 768 3886 in
810 3828 1090 3893 lsauriam,
1144 3826 1289 3882 unde
1343 3832 1571 3881 exortus
1610 3821 1809 3889 fuerat,

215 3920 372 3994 fugit,
394 3930 449 3977 et
476 3936 600 3978 eum
625 3920 863 3977 Ariadne
889 3922 1129 3992 Augusta
1152 3918 1253 3976 sub
1280 3917 1474 3974 hiemis
1504 3914 1813 3972 discrimine

216 4012 396 4071 navali
420 4012 613 4068 itinere
633 4013 944 4067 subsecuta.

289 4123 387 4180 llis
432 4136 577 4179 coss.
627 4121 920 4178 Basiliscus
965 4130 1224 4193 tyrannus
1255 4120 1373 4190 lege
1420 4120 1542 4173 data
1588 4117 1816 4173 Chalce-

217 4220 515 4277 donensem
551 4217 818 4291 synodum
838 4213 1107 4283 damnari,
1150 4221 1206 4270 et
1234 4211 1557 4284 Ephesinam
1594 4226 1633 4265 ιι
1675 4224 1813 4279 prac-

219 4310 365 4384 cepit
388 4310 597 4368 absolvi
618 4319 673 4367 et
699 4310 923 4381 suscipi.

290 4403 610 4461 Timotheus
649 4402 937 4473 episc0pus
976 4404 1338 4471 cognomento
1359 4396 1614 4452 liellurus
1636 4394 1815 4467 [Elu-

226 4492 365 4566 rus],
412 4492 644 4551 Protorii
692 4507 975 4549 successor
1022 4493 1222 4561 pariter
1271 4502 1324 4546 et
1368 4496 1697 4559 peremptor,
1747 4486 1815 4542 ab

220 4586 412 4645 exsilio
462 4584 739 4644 Chersona
803 4583 996 4650 rediit;
1049 4592 1104 4640 et
1153 4583 1335 4654 fugato
1396 4580 1503 4635 alio
1558 4578 1815 4650 episcopo

1912 3356 2151 3413 Joannes
2178 3351 2573 3409 Tabenncsiota
2616 3348 2899 3421 presbyter
2944 3355 3000 3403 et
3044 3358 3382 3409 oeconomus,
3421 3358 3515 3415 sy-

1913 3447 2041 3502 nodi
2078 3444 2533 3500 Chalcedonensis
2564 3441 2838 3509 defeusor,
2880 3440 3168 3510 episcopus
3206 3437 3508 3507 ordinatur.

1914 3537 2086 3606 Quem
2126 3536 2362 3593 Zenonis
2410 3543 2679 3605 praecepto
2730 3532 3008 3603 principis,
3042 3530 3257 3597 Petrus,
3286 3528 3384 3598 qui
3421 3542 3518 3585 su-

1916 3629 2144 3700 perstite
2174 3629 2462 3684 Timotheo
2491 3625 2825 3683 Salafatiatio
2859 3624 3115 3695 episc0p0
3138 3622 3206 3678 ab
3243 3620 3516 3680 haereticis

1916 3722 2093 3781 fuerat
2132 3722 2429 3787 ordinatus,
2466 3721 2710 3791 ejiciens,
2745 3704 3164 3775 Alexandrinam
3213 3715 3514 3773 Ecclesiam

1917 3818 2181 3891 pervadit.
2214 3817 2315 3885 Qui
2341 3815 2623 3873 confestim
2654 3814 2836 3871 favore
2870 3811 3106 3869 Zenonis
3136 3798 3395 3881 principis
3417 3822 3517 3879 sy-

1918 3914 2121 3970 nodum
2164 3911 2661 3968 Chalcedouensem
2708 3907 2776 3965 de
2828 3906 3034 3978 pulpito
3080 3918 3266 3962 eorum
3300 3901 3517 3975 populis

1919 4005 2168 4071 damnat;
2205 4007 2422 4059 nomina
2451 4001 2680 4058 Proterii
2722 4008 2779 4055 et
2817 3997 3137 4055 Salafatiatii
3162 3995 3232 4054 de
3257 3995 3517 4055 ecclesia-

1921 4099 2076 4153 sticis
2103 4095 2375 4167 diptychis
2403 4095 2561 4159 tollit,
2591 4102 2647 4148 et
2674 4090 2919 4148 Dioscori
2945 4100 3000 4145 et
3030 4088 3237 4147 llelluri
3264 4088 3357 4160 qui
3384 4086 3518 4143 Pro-

1922 4189 2115 4243 terium
2148 4184 2437 4251 interfecit,
2480 4184 2700 4248 scribit;
2748 4195 3050 4252 corpusque
3088 4179 3294 4251 praefati
3333 4179 3520 4235 Timo-

1922 4282 2035 4339 thei
2061 4280 2377 4338 Salafatiatii
2413 4280 2480 4336 de
2522 4278 2753 4336 ecclesia
2783 4276 3026 4348 cjiciens,
3057 4276 3113 4331 in
3153 4275 3272 4333 loco
3296 4277 3517 4335 deserto

1920 4374 2053 4432 foris
2081 4373 2352 4430 civitatem
2382 4371 2625 4443 projecit.

1993 4464 2288 4523 Tricundio
2308 4480 2364 4520 v.
2403 4478 2452 4518 c.
2488 4476 2601 4518 eos.
2627 4460 2719 4531 (A.
2749 4458 2901 4532 482).

1995 4558 2181 4615 Zenon
2199 4557 2491 4627 imperator
2522 4552 2841 4625 Eutychiani
2868 4551 3061 4621 poculo
3082 4550 3285 4609 erroris
3308 4548 3521 4621 sopitus

222 4678 509 4736 Timotheo
536 4677 872 4736 Salafatiatio
903 4645 998 4750 [ah
1030 4645 1404 4746 SalafaEiario]
1433 4645 1810 4743 cognomento,

1926 4651 2182 4710 Acacium
2230 4646 2879 4719 Constantinopolitanum
2935 4645 3248 4718 cpisCOpum
3296 4645 3519 4702 damna-

220 4773 511 4831 defensore
533 4772 728 4846 synodi
749 4771 1232 4838 Chalcedonensis,
1266 4766 1689 4827 Alexandrinam
1718 4767 1820 4824 Ec-

222 4865 450 4924 clesiam
477 4867 641 4922 etiam
670 4866 935 4937 pervadit.

291 4982 552 5040 Basilisco
578 4981 831 5053 Tyranno
858 4990 915 5040 et
941 4981 1168 5039 Armate
1198 4981 1292 5055 [aL
1344 4978 1642 5051 llarmatio]
1672 4990 1814 5035 coss.

227 5071 319 5143 (A.
346 5071 499 5144 476).

294 5164 479 5222 Zenon
526 5166 666 5239 Aug.
714 5165 970 5224 vicesimo
1015 5178 1223 5229 mense,
1280 5163 1481 5218 donato
1509 5160 1613 5217 sibi
1661 5173 1817 5215 exer-

220 5258 375 5327 citu,
439 5257 960 5330 Constantinomlim
1009 5258 1079 5313 ab
1137 5256 1336 5312 lsauria
1405 5253 1581 5317 redit;
1643 5251 1816 5321 impe—

158 5367 166 5382 '
224 5349 366 5407 rium
400 5352 645 5422 resumit,
677 5358 735 5409 et
759 5350 1081 5409 Basiliscum
1105 5362 1228 5405 cum
1273 5347 1398 5402 ﬁliis
1437 5354 1492 5401 et
1520 5358 1689 5400 uxore
1717 5356 1818 5399 ex-

162 5436 168 5516 ς
224 5442 349 5501 sitio
390 5444 447 5501 in
480 5445 716 5503 Sasemis
743 5443 1100 5516 Cappadociae
1150 5441 1332 5509 mittit,
1384 5438 1652 5507 ﬁnemque
1692 5435 1819 5491 vitae

229 5534 304 5591 ibi
335 5536 530 5591 misere
561 5535 707 5591 facit.

292 5645 443 5727 inter
486 5646 601 5702 haec
642 5661 759 5716 qum
798 5657 949 5718 gesta
993 5654 1136 5715 sunt,
1182 5645 1306 5717 quia
1346 5641 1527 5699 nullus
1571 5653 1686 5695 eos.
1717 5652 1810 5695 ac-

227 5739 390 5795 cessit
424 5740 515 5811 (A.
547 5739 697 5811 477),
730 5750 785 5797 et
827 5742 1114 5799 Basiliscus
1156 5750 1414 5813 tyrannus
1455 5753 1485 5792 a
1531 5733 1812 5791 consulatu

231 5831 477 5897 recessit,
506 5832 757 5888 Armatus
782 5834 1035 5903 praesenti
1062 5847 1204 5891 anno
1226 5830 1409 5890 consul
1438 5826 1718 5885 remansit.

306 5921 433 5979 Post
474 5924 806 5991 consulatum
853 5926 1061 5985 Armati
1089 5942 1143 5984 v.
1199 5942 1249 5984 c.
1288 5926 1378 5997 (A.
1430 5922 1584 5995 478),
1633 5916 1815 5977 Timo-

1927 4744 2136 4802 toribus
2165 4742 2356 4815 synodi
2386 4738 2843 4798 Chalcedonensis
2880 4736 3041 4795 Petro
3068 4735 3438 4794 Alexandrino
3462 4743 3522 4796 et

1925 4839 2090 4896 Petro
2128 4835 2469 4893 Antiochcno
2516 4833 2818 4907 episcopis,
2872 4845 2969 4902 per
3011 4829 3332 4887 llenoticum
3380 4842 3413 4886 a
3456 4839 3523 4886 se

1923 4931 2195 5003 prolatum
2233 4928 2466 4994 socians,
2510 4939 2699 4983 eorum
2738 4922 3117 4980 communione
3154 4920 3434 4992 polluitur,
3462 4924 3523 4978 et

1924 5038 2049 5081 cum
2079 5023 2159 5079 eis
2187 5037 2219 5077 a
2247 5020 2513 5076 catholica
2538 5019 2646 5075 ﬁde
2672 5015 2895 5075 recedit.

1996 5142 2129 5197 Post
2152 5137 2490 5194 consulatum
2520 5133 2797 5191 Tricundii
2826 5147 2877 5189 v.
2902 5145 2953 5189 e.
2982 5132 3074 5205 (A.
3103 5130 3232 5203 485)
3255 5128 3519 5187 Leontius
3590 5106 3601 5117 ’

1923 5240 2185 5304 tyrannus
2226 5227 2368 5300 Hylli
2400 5225 2609 5297 patricii
2640 5224 2874 5283 factione
2900 5222 3189 5295 imperium
3224 5223 3282 5282 in
3308 5216 3520 5279 Isauri:
3573 5281 3582 5294 .

1924 5338 2046 5380 cum
2075 5320 2356 5393 tyrannide
2381 5317 2564 5375 sumit.

1998 5435 2325 5494 Theodorito
2350 5448 2403 5489 v.
2424 5448 2475 5489 c.
2506 5445 2623 5488 eos.
2646 5430 2738 5501 (A.
2766 5427 2917 5499 484).

2000 5552 2151 5609 Felix
2184 5550 2442 5606 Romanae
2474 5547 2732 5605 Ecclesiae
2771 5542 2971 5616 praesul
3012 5539 3293 5599 monachis
3319 5547 3376 5598 et
3400 5540 3517 5598 cle-

1921 5642 2047 5701 ricis
2074 5657 2169 5714 per
2193 5641 2490 5705 Orientem,
2520 5636 2813 5709 Egyptum
2840 5644 2895 5692 et
2927 5633 3233 5706 Bithyniam
3271 5645 3518 5691 commo-

1920 5736 2163 5792 rantibus
2207 5733 2411 5799 scribit,
2462 5738 2519 5786 ut
2568 5730 2785 5786 Petrum
2832 5726 3251 5783 Alexandrinum
3297 5725 3516 5796 episeo-

1919 5841 2068 5899 pum,
2113 5820 2567 5882 Chalcedonensis
2601 5818 2793 5892 synodi
2828 5818 3275 5885 ohtrectatorem,
3308 5827 3362 5875 et
3396 5812 3518 5886 ejus

1921 5919 2406 6004 communieatores
2434 5925 2691 5989 tanquam
2718 5912 3002 5974 haereticos
3020 5911 3219 5989 vitent.

3446 5982 3550 6024 τοέᾶ
