4010 6358
1264 368 1275 375 ί
1615 337 1927 399 VICTORIS
1968 336 2176 397 EPISC.
2220 334 2650 396 TUNUNENSIS
3668 336 3811 399 958

547 467 578 499 ³
606 458 737 516 Post
757 458 1093 516 consulatum
1111 453 1435 515 Theodoreti
1456 470 1579 513 v.c.
1609 456 1697 528 (A.
1718 452 1847 526 485)
1871 453 2059 512 Οιὶθη-
2086 456 2139 519 A
2166 457 2409 515 stolicam
2441 459 2601 516 ﬁdem
2642 464 2696 515 ct
2742 456 3008 530 synodum
3045 456 3555 519 Chalcedonensem
3583 475 3800 536 agere.

475 551 615 611 tales
641 553 904 625 episcOpi,
936 560 1131 623 praeter
1175 564 1402 621 paucos,
1451 565 1547 622 per
1588 548 1905 605 Henolicum
1945 549 2059 603 Zc-
2163 552 2591 624 Chirographum
2635 552 2965 625 Euphemius
3004 554 3289 627 episcopus
3317 556 3583 629 suscipit,
3615 566 3684 623 et
3731 559 3800 617 in

476 645 640 705 nonis
686 648 1061 704 communione
1106 652 1270 715 atque
1330 656 1598 701 consensu
1647 640 1867 714 polluti,
1918 641 2063 698 l’etri
2163 644 2384 703 archivo
2414 646 2655 704 ecclesia:
2681 648 2912 719 reponit.

475 737 851 807 Alexandrini,
878 736 1026 794 Petri
1054 735 1374 795 Antiocheni
1401 745 1457 792 et
1479 734 1661 793 Acacii
1686 735 2062 791 Constantino-
2236 740 2597 796 Romanorum
2643 756 2674 798 L
2717 749 2907 813 regnat
2953 740 3264 799 Anastasius
3308 743 3466 799 annis
3519 744 3624 799 ‘27.
3680 742 3801 813 Qui

477 830 705 902 politani
746 829 1121 902 episcoporum
1162 828 1370 901 synodo
1405 827 1835 885 Chalcedonensi
1865 841 2064 884 renun—
2166 831 2447 902 imperium
2481 848 2719 901 sumens,
2754 834 3014 891 violenter
3048 834 3466 908 chirographum
3504 853 3683 895 suum
3718 841 3798 897 ab

478 922 634 981 tiant.
2167 926 2465 997 Euphemio
2504 928 2759 1000 episcopo
2800 928 3099 1002 recolligit,
3151 939 3206 988 et
3251 931 3520 987 adversus
3575 934 3793 1003 synodi

548 1016 793 1088 Longino
812 1030 866 1072 ν.
895 1027 947 1072 c.
978 1028 1091 1073 cos.
1119 1012 1213 1089 (A.
1241 1013 1395 1085 486).
2168 1018 2619 1087 Chalcedonensis
2641 1020 2955 1079 defensores
2976 1022 3262 1094 episcopos
3278 1024 3552 1081 atrociter
3571 1027 3745 1081 saevit
3772 1046 3788 1083 :

416 1158 423 1181 ,
550 1108 784 1167 Aeacius
836 1109 1461 1179 Constantinopolitanus
1516 1104 1803 1179 episcOpus
1871 1102 2066 1167 litteris
2169 1110 2307 1168 inter
2342 1127 2498 1182 quos,
2527 1122 2743 1168 mortuo
2790 1112 2949 1170 Petro
2990 1113 3329 1170 Antiocheno
3356 1116 3659 1185 episcopo,
3694 1116 3789 1186 qui

481 1199 678 1259 Felicis
720 1202 976 1260 Romana:
1003 1200 1261 1258 Ecclesiae
1306 1198 1550 1269 praesulis
1596 1196 1917 1263 admonitus,
1952 1205 2068 1252 uta
2166 1201 2493 1269 Calendione
2522 1204 2713 1275 synodi
2757 1204 3213 1263 Chalcedonensis
3235 1205 3536 1273 defensore
3580 1223 3787 1278 super-
3848 1220 3853 1221 ί

482 1292 858 1359 damnatorum
926 1294 1121 1367 synodi
1170 1292 1622 1350 Chalcedonensis
1688 1291 2070 1359 communione
2169 1299 2293 1361 stite
2322 1296 2495 1363 fuerat
2537 1297 2606 1355 ab
2644 1297 2936 1369 ltmreticis,
2962 1298 3197 1365 Zenonis
3238 1302 3591 1371 temporibus
3629 1305 3780 1372 prin-

482 1394 643 1457 atque
662 1386 920 1457 societate
947 1386 1235 1455 absuneat,
1262 1385 1466 1459 legatos
1492 1388 1608 1460 ejus
1633 1385 1891 1445 custodiae
1915 1401 2069 1451 man-

479 1479 646 1551 cipat.

557 1569 687 1628 Post
726 1572 1065 1631 consulatum
1108 1572 1335 1644 Longini
1381 1589 1431 1629 v.
1464 1588 1514 1629 c.
1565 1571 1656 1642 (Α.
1685 1571 1816 1641 487)
1846 1571 2071 1629 Aeacius

483 1663 1127 1737 Constantinopolitanus,
1181 1666 1374 1723 Petrus
1414 1666 1830 1736 Alexandrinus,
1881 1662 2072 1720 Petrus

485 1757 877 1827 Antiochenus,
927 1759 1169 1830 episcopi
1217 1758 1678 1817 Chalcedonensis
1724 1756 1916 1829 synodi
1967 1755 2072 1810 iiii-

2171 1390 2327 1460 cipis,
2362 1389 2659 1458 ordinatus,
2690 1391 3015 1449 sententiam
3058 1400 3230 1449 mutat
3265 1393 3322 1449 in
3359 1392 3553 1465 pejus,
3592 1402 3655 1451 ut
3684 1392 3784 1449 Ca.

2171 1480 2351 1539 lendio
2380 1482 2598 1550 quidem
2626 1482 2693 1539 de
2722 1482 2877 1540 malis
2906 1482 2975 1539 ad
3011 1484 3193 1555 pejora
3219 1484 3471 1553 ducatur,
3494 1494 3564 1543 et
3594 1499 3779 1557 proco

2172 1572 2443 1631 Palladius
2467 1574 2768 1632 ordinetur.

2244 1667 2533 1723 Anastasio
2562 1675 2615 1722 ct
2644 1668 2781 1724 ltuio
2810 1682 2954 1723 coss.
2992 1669 3081 1740 (A.
3112 1669 3266 1739 499.).

2250 1762 2507 1819 Romanae
2536 1761 2795 1819 Ecclesia:
2824 1760 2989 1817 Felici
3016 1761 3255 1817 succedit
3280 1759 3563 1830 Gelasius,
3592 1773 3651 1820 et
3678 1762 3778 1820 Ge-

483 1848 631 1916 mici,
657 1864 688 1905 a
713 1848 897 1907 Felice
926 1849 993 1905 li.
1018 1849 1084 1905 Ε.
1109 1850 1340 1922 praesule
1360 1858 1413 1907 et
1439 1849 1648 1923 synodo
1674 1849 1727 1904 in
1756 1847 1906 1903 Italia
1934 1846 2073 1925 facta
2102 1843 2150 1906 B
2176 1852 2311 1909 lasio
2337 1852 2675 1911 Anastasius.
2705 1850 3085 1908 Alexandriam
3106 1866 3233 1906 vero
3259 1850 3608 1909 Athanasius
3638 1868 3777 1924 prac-

484 1940 843 2011 damnantur;
880 1953 936 2000 et
974 1944 1091 2015 ipsa
1132 1943 1405 2000 damnatio
1428 1942 1650 2010 Acacio,
1691 1940 2075 1999 Constantino-

486 2034 653 2105 polim
679 2035 871 2109 legatis
912 2034 1116 2105 missis,
1148 2050 1244 2109 per
1282 2035 1578 2093 monachos
1624 2034 2075 2101 monasteriorum

486 2131 927 2189 Achimltentium
947 2130 1143 2189 Basani
1165 2139 1327 2201 atque
1353 2130 1438 2187 Dii
1465 2130 1749 2202 ingeritur.

557 2224 690 2282 Post
721 2225 1062 2283 consulatum
1090 2238 1130 2280 tl
1154 2223 1380 2295 Longini
1415 2240 1469 2279 ν.
1502 2239 1551 2280 c.
1591 2224 1679 2296 (A.
1715 2223 1846 2291 488)
1881 2233 2078 2293 corpus

485 2316 659 2373 sancti
700 2316 960 2373 Barnabas
1003 2316 1236 2387 apostoli
1279 2316 1333 2371 in
1381 2313 1579 2387 Cypro,
1631 2323 1685 2371 et
1724 2313 2078 2385 Evangelium

487 2406 784 2466 secundum
810 2408 1125 2466 Matthasum
1165 2409 1285 2479 ejus
1312 2424 1473 2465 manu
1515 2410 1800 2481 scriptum,
1839 2409 1957 2480 ipso
1984 2423 2080 2465 eo-

489 2497 616 2555 dem
656 2497 950 2567 revclante,
984 2499 1261 2557 inventum
1293 2508 1397 2556 est.
1440 2498 1697 2557 Leontius
1739 2508 2000 2571 tyrannus
2026 2505 2083 2556 et

492 2587 761 2655 Patricius
792 2590 1099 2662 proditione
1126 2591 1337 2649 castelli
1366 2593 1531 2662 capti,
1562 2599 1743 2650 morte
1769 2591 2080 2663 turpissima

490 2690 741 2765 pereunt.
786 2680 980 2747 Petrus
1016 2683 1384 2742 Antiochenus
1430 2685 1531 2742 sub
1572 2685 1916 2743 damnatione
1965 2699 2083 2743 mo-

491 2775 655 2850 ritur,
698 2785 755 2836 et
781 2777 835 2835 in
876 2778 992 2853 eius
1029 2777 1151 2839 loco
1192 2777 1580 2839 Calendionem
1609 2779 1842 2836 ordinat.
1890 2778 2084 2839 Orien-

494 2871 633 2929 tales
660 2878 841 2929 autem
881 2872 1142 2943 episcopi,
1172 2880 1425 2943 tanquam
1467 2873 1791 2949 nescientes,
1822 2871 2084 2939 Joannem

496 2974 859 3043 cognomento
885 2966 1245 3037 Codonatum,
1272 2969 1448 3024 cidem
1476 2966 1734 3035 Ecclesiae
1766 2975 2087 3031 consecrant

495 3058 811 3130 episcopum
838 3076 853 3116 :
876 3058 963 3117 cui
987 3058 1179 3125 Petrus
1204 3061 1465 3119 successit
1493 3059 1799 3123 haereticus.

567 3146 806 3210 Eusebio
834 3166 888 3208 v.
917 3167 968 3209 c.
1000 3168 1112 3212 cos.
1146 3153 1237 3227 (A.
1269 3153 1425 3225 489).

2177 1954 2293 2003 erat
2316 1945 2621 2001 haereticus.
2647 1942 2997 2001 Διιιίορῐιειιεε
3020 1943 3180 1999 etiam
3210 1943 3472 2001 Ecclesiae
3498 1928 3775 2003 Palladius

2174 2037 2502 2095 Calendione
2558 2036 2847 2107 superstite
2902 2034 3113 2102 laetus,
3165 2044 3219 2090 et
3268 2034 3775 2108 Hierosolymorum

2175 2129 2482 2187 Sallustius.
2517 2128 2846 2199 Euphemius
2890 2125 3438 2198 Constantinopoleos
3488 2129 3777 2201 episcopus

2179 2222 2449 2279 Anastasii
2495 2221 2834 2291 imperatoris
2884 2218 3177 2277 calliditate
3228 2220 3465 2291 praevisa
3509 2222 3772 2293 synodum

2180 2324 2499 2387 congregat;
2525 2315 2715 2386 synodi
2740 2312 3198 2371 Chalcedonensis
3220 2316 3445 2371 decreta
3468 2317 3759 2373 conﬁrmat.

2253 2408 2281 2449 ι)
2311 2406 2527 2469 Asteria
2554 2416 2606 2464 et
2638 2407 2895 2463 Praesidio
2923 2421 3064 2463 coss.
3098 2408 3189 2479 (A.
3221 2406 3375 2481 494).

2253 2499 2486 2558 Joannes
2528 2500 2811 2572 cpiscopus
2862 2498 3254 2556 Alexandrinus
3303 2515 3335 2554 a
3382 2499 3635 2559 Romana
3670 2501 3766 2558 Ec-

2128 2653 2135 2658 _
2183 2592 2346 2650 clesia
2390 2593 2612 2649 veniens
2659 2591 2943 2649 Anastasio
2995 2592 3308 2662 imperatori
3365 2595 3670 2665 supplicat,
3717 2605 3773 2653 ut

2182 2698 2307 2752 eum
2352 2683 2549 2741 throno
2594 2696 2693 2740 suo
2738 2697 2838 2754 pro
2885 2683 3102 2753 antiqua
3146 2683 3385 2739 amicitia
3416 2686 3630 2743 reddat.
3663 2687 3771 2745 Sed

2186 2774 2290 2831 hoc
2319 2789 2417 2846 pro
2446 2774 2760 2837 defensione
2786 2772 3248 2832 Chalcedonensis
3276 2777 3471 2848 synodi
3498 2778 3623 2835 dum
3661 2796 3775 2837 non

2186 2870 2459 2939 impetrat,
2492 2867 2719 2923 Romam
2752 2866 2935 2923 lurlim
2967 2865 3108 2923 unde
3141 2878 3382 2936 venerat,
3409 2870 3684 2928 remeavit.

2260 2962 2475 3018 Victore
2504 2960 2598 3034 [αι.
2630 2960 2870 3034 Viatore]
2900 2976 2954 3017 v.
2983 2974 3034 3017 e.
3064 2975 3178 3017 eos.
3211 2960 3305 3033 (A.
3336 2962 3471 3033 493).

2259 3053 2470 3111 Bellum
2494 3054 2788 3111 Isauricum
2813 3070 2936 3109 cum
2964 3053 3291 3122 exardescit,
3318 3054 3696 3112 Athenodorus
3721 3065 3779 3117 et

2192 3144 2465 3219 Longinus
2514 3146 2730 3219 tyranni
2786 3145 3129 3203 occiduntur.
3188 3145 3487 3204 Athanasio
3536 3148 3776 3205 Alexan-

570 3245 803 3305 Acacius
830 3244 1775 3321 Constantinopolitanus'episcopns
1806 3245 1907 3311 sub
1931 3245 2087 3303 dam-
2112 3233 2164 3301 C
2192 3241 2352 3299 drino
2398 3249 2630 3305 mortuo,
2679 3240 2914 3298 Joannes
2967 3246 3326 3311 cognomento
3373 3238 3605 3299 Hemula
3660 3256 3779 3298 suc-

502 3337 725 3396 ntttione
748 3339 1001 3408 moritur,
1041 3348 1097 3396 et
1134 3354 1232 3410 pro
1272 3354 1338 3397 eo
1368 3341 1655 3397 Flavianus
1692 3341 1979 3413 episc0pus
2005 3355 2093 3396 or-

502 3430 720 3491 dinatur
750 3450 763 3493 :
796 3434 884 3492 cui
914 3434 1073 3492 tertio
1102 3435 1454 3505 promotionis
1493 3450 1605 3492 sure
1647 3449 1832 3499 mense
1880 3441 2093 3495 mortuo

501 3522 836 3600 Euphemius
867 3572 883 3598 ,
953 3518 1146 3601 Synodi
1220 3524 1677 3595 Chalcedonensis
1752 3527 2092 3586 decretorum

500 3616 795 3690 custos,<in
823 3620 1137 3693 episcopatu
1167 3621 1429 3678 succedit.

577 3710 711 3768 Post
736 3712 1071 3767 consulatum
1100 3727 1158 3767 ιιι
1199 3710 1426 3783 Longini
1454 3724 1505 3766 v.
1539 3724 1589 3768 c.
1619 3709 1708 3780 (A.
1748 3708 1875 3783 490)
1908 3709 2097 3768 Petrus

508 3801 893 3859 Alexandriam
910 3802 1193 3859 incubator
1214 3800 1468 3859 Ecclesiae
1489 3801 1590 3858 sub
1610 3801 1953 3859 damnatione
1979 3816 2095 3859 mo-

510 3894 653 3950 ritur
684 3912 695 3946 :
728 3893 883 3963 cujus
919 3893 1288 3964 episcopatum
1318 3894 1479 3950 simul
1502 3902 1557 3951 et
1580 3909 1820 3951 errorem
1860 3897 2097 3967 suscepit

510 3985 853 4043 Anastasius.
870 3985 1133 4043 Calendio
1154 3986 1519 4045 Antiochenus
1537 3989 1823 4060 episc0pns
1846 3988 2098 4057 reliquias

515 4078 931 4151 praedecessoris
973 4080 1056 4136 sui
1102 4079 1378 4138 Eustachii
1421 4080 1658 4154 episcopi
1686 4092 1741 4139 et
1767 4082 2097 4139 confessoris

512 4187 578 4228 cx
603 4170 863 4243 Philippis
886 4172 1065 4243 populi
1089 4171 1492 4247 [Philippopoli]
1517 4174 1843 4230 Macedoniae
1866 4172 2097 4245 colligit,

2195 3333 2372 3399 cedit;
2407 3348 2514 3403 quo
2544 3333 2919 3399 occumbentc,
2955 3340 3075 3402 post
3104 3345 3305 3403 paucos
3332 3331 3448 3389 dies
3475 3333 3529 3390 ei
3552 3331 3783 3399 Joannes

2196 3427 2333 3483 alius
2362 3434 2721 3496 cognomento
2750 3426 2934 3481 Niceta
2970 3425 3209 3481 succedit
3238 3423 3553 3496 episcopus.

2270 3528 2293 3558 ε
2323 3518 2569 3575 Paulov.
2601 3533 2652 3574 c.
2679 3533 2789 3573 cos.
2814 3516 2905 3589 (A.
2934 3516 3087 3589 496).

2266 3609 2586 3668 Anastasius
2635 3611 2926 3681 imperator
2972 3610 3350 3666 hazreticorum
3399 3608 3676 3682 synodum
3704 3607 3779 3663 ia-

2197 3704 2346 3761 ciens
2376 3704 2698 3760 Henoticum
2729 3703 2961 3760 Zenonis
2990 3703 3294 3769 conﬁrmat,
3335 3710 3391 3762 et
3427 3690 3777 3773 Euphemium

2200 3798 2513 3870 episcopum
2541 3796 3194 3869 Constantinopolitanum
3217 3794 3686 3853 Chalcedonensis
3704 3811 3780 3869 sy-

2204 3892 2330 3949 nodi
2369 3890 2707 3947 delensorem
2748 3890 2997 3962 deponit;
3043 3904 3206 3961 quem
3238 3887 3522 3946 Euchaida
3560 3890 3620 3947 in
3656 3888 3778 3947 exsi-

2198 3984 2332 4041 lium
2361 3983 2603 4050 mittens,
2632 3996 2729 4054 pro
2759 3998 2825 4039 eo
2853 3982 3225 4040 Macedoniam
3254 3983 3405 4041 facit.

2273 4074 2299 4115 ἀ
2329 4076 2615 4134 Anastasio
2644 4075 2778 4146 Aug.
2813 4090 2926 4133 cos.
2962 4076 3048 4146 (A.
3077 4077 3227 4147 497).

2272 4170 2614 4227 Macedonius
2636 4168 3257 4240 Constantinopolitanus
3274 4170 3566 4241 episcopus
3591 4170 3776 4243 synodo

512 4271 571 4322 et
615 4262 958 4324 Antiochiam
989 4277 1204 4321 summo
1248 4280 1371 4321 cum
1417 4265 1623 4322 honore
1672 4265 1936 4336 perducit.
1988 4265 2102 4322 lloc
2202 4262 2339 4320 facta
2371 4262 2810 4319 condcmnatcos
2840 4264 2930 4334 qui
2961 4262 3413 4321 Chalcedonensis
3450 4263 3672 4321 decreta
3693 4280 3768 4336 sy-

516 4362 760 4428 tempore
780 4358 1059 4415 Annianus
1077 4372 1241 4430 super
1259 4358 1584 4432 Euphratem
1610 4357 1832 4415 ﬂuvium
1860 4357 2102 4416 oratione

517 4442 786 4520 podagras
813 4459 995 4517 curat;
1045 4450 1343 4509 Auxentius
1387 4452 1662 4509 daemones
1703 4451 1881 4523 fugat;
1914 4451 2102 4507 Daniel

514 4546 573 4596 et
598 4542 934 4609 Anastasius,
958 4541 1348 4611 Vindemiolus,
1375 4543 1641 4611 Manassc,
1660 4542 1897 4599 Severus
1918 4551 1974 4599 ct
1996 4556 2100 4598 cce-

2203 4356 2331 4411 nodi
2356 4357 2674 4427 suscipiunt,
2713 4365 2767 4412 ct
2795 4371 2887 4413 eos
2927 4358 3017 4427 qui
3056 4357 3288 4414 Nestorii
3319 4366 3373 4415 et
3402 4358 3666 4431 Eutychis
3699 4358 3777 4415 de-

2207 4446 2450 4505 fendunt.
2485 4448 2773 4504 Anartasio
2823 4448 3069 4505 Romano
3109 4450 3363 4521 episcopo
3408 4435 3631 4509 m'ortuo
3673 4468 3781 4508 suc-

2204 4540 2347 4594 cedit
2373 4540 2749 4611 Symmachus,
2784 4547 2839 4597 et
2866 4555 2933 4596 ex
2961 4541 3067 4598 alia
3108 4551 3260 4612 parte
3295 4542 3625 4601 Laurentius
3652 4546 3781 4601 ordi-

514 4632 621 4689 ιοιὶ
658 4631 751 4689 alii
791 4646 888 4704 per
915 4633 1136 4690 diversa
1166 4636 1336 4692 eremi
1362 4636 1481 4693 loca
1524 4634 1807 4693 virtutibus
1836 4634 1999 4690 variis
2040 4648 2103 4690 ac
2131 4616 2184 4682 ο
2211 4644 2385 4701 natur,
2442 4634 2535 4706 qui
2583 4634 2711 4691 dum
2756 4634 2997 4692 Nuceriae
3046 4637 3278 4692 civitatis
3326 4638 3619 4709 episcopus
3667 4639 3781 4711 [legi

516 4716 861 4796 praescientia
889 4724 1223 4784 claruerunt.

414 4816 439 4894 λε
587 4815 813 4890 Olybrio
837 4833 893 4873 v.
920 4833 972 4876 c.
996 4834 1111 4876 eos.
1136 4820 1222 4894 (A.
1257 4818 1404 4893 491).

586 4909 778 4969 Zenon
836 4911 1130 4984 imperator
1176 4913 1643 4984 Constantinopoli
1692 4914 1917 4971 moritur
1961 4930 2102 4977 anno

516 5002 641 5060 vitae
670 5017 784 5059 sua:
809 5003 901 5060 42.
937 5004 1171 5062 Ariadne
1206 5006 1446 5076 Augusta
1480 5005 1713 5064 Zenonis
1744 5008 1930 5066 relicta
1957 5009 2103 5067 Aua-

517 5093 1129 5154 suuiumSilentiarium
1156 5097 1538 5169 lliyricianum,
1555 5112 1707 5170 patre
1731 5101 2096 5174 Dyrracheno,

517 5196 693 5245 more
722 5187 939 5255 Ariana,
971 5189 1350 5261 imperatorem
1378 5192 1642 5264 designat.
1683 5194 1953 5252 Anastasii
1998 5210 2096 5250 au-

521 5288 626 5336 tem
648 5282 774 5353 (ide,
799 5282 909 5340 imo
928 5284 1170 5357 perﬁdia,
1192 5287 1375 5357 procul
1401 5288 1509 5359 jam
1536 5298 1688 5358 patre
1714 5298 1862 5359 nota,
1883 5298 2101 5347 coactus

515 5384 599 5431 est
648 5376 945 5448 Enphemio
1004 5378 1595 5452 Constantinopolitano
1650 5382 1905 5454 episcopo
1963 5382 2097 5439 insi-

514 5474 711 5542 stente,
737 5472 943 5546 scripto
965 5476 1284 5546 promittere
1302 5474 1439 5535 nihil
1464 5476 1740 5535 sinistrum
1762 5484 1950 5539 contra
1973 5488 2101 5546 apo-

586 5701 618 5733 ι
648 5692 746 5767 His
776 5695 950 5752 diebus
980 5695 1203 5753 Euricus
1227 5715 1317 5753 rex
1340 5700 1576 5763 moritur,
1608 5706 1653 5751 et
1695 5696 1931 5752 Alaricus
1961 5695 2100 5767 ﬁlius

648 5766 761 5839 loco
784 5782 877 5824 rex
897 5769 1129 5839 efficitur.
1162 5770 1360 5839 Regnat
1388 5772 1537 5824 armis
1565 5770 1654 5825 “.35.
1688 5769 1887 5825 Scuon.

590 5834 617 5873 ι)
652 5835 751 5910 [iis
774 5834 1057 5910 cossquri
1085 5840 1137 5910 iit
1170 5834 1474 5910 Hispaniam
1507 5841 1737 5910 ingressi.
1772 5840 1849 5896 In.

590 5916 617 5945 θ
646 5904 745 5964 His
795 5922 923 5963 coss.
970 5904 1300 5987 Burdimclus
1346 5912 1399 5970 t'tt
1454 5904 1711 5981 Hispania
1773 5910 2101 5983 tyrannidem

604 6012 605 6015 ¹
626 6035 672 6065 ς.

2209 4726 2542 4799 episcopatu]
2593 4728 2762 4784 nollet
2814 4743 2937 4785 esse
2984 4736 3289 4799 contentus,
3345 4731 3561 4801 synodo
3615 4732 3783 4788 Romae

2207 4819 2368 4885 facta,
2402 4835 2429 4871 a
2473 4828 2614 4875 coetu
2662 4830 2743 4875 est
2788 4819 3111 4877 sacerdotali
3161 4822 3460 4892 projectns.
3522 4823 3781 4882 Palladius

2207 4910 2577 4968 Antiochenus
2606 4912 2856 4979 moritur,
2891 4922 2947 4969 et
2976 4928 3075 4984 pro
3102 4927 3169 4970 eo
3197 4913 3489 4971 Flavianus
3517 4917 3780 4973 ordinatur

2204 5005 2514 5077 episcopus.
2571 5005 2951 5064 Alexandrina:
2998 5007 3255 5065 Ecclesia:
3305 5010 3544 5067 Joannes
3599 5026 3780 5084 cogno-

2205 5110 2389 5154 mento
2430 5098 2610 5154 Niceta
2640 5098 2817 5154 adhuc
2856 5098 3201 5169 prmsidcbat.
3248 5101 3639 5176 Hierosolyma
3663 5118 3781 5162 vero

2205 5198 2327 5261 post
2354 5189 2667 5247 Sallustium
2700 5192 2842 5248 Elias
2871 5196 3109 5266 suscepit
3140 5197 3504 5267 praesulatum.

2276 5280 2656 5338 Guntamundu
2676 5281 3037 5341 Vandalorum
3064 5301 3192 5358 rege
3212 5286 3534 5360 Carthagine
3556 5298 3777 5351 mortuo.

2204 5372 2643 5433 Thrasamundus
2694 5386 2882 5449 regnat
2920 5394 3047 5436 anu.
3088 5381 3182 5448 27,
3232 5396 3446 5439 menses
3492 5385 3550 5439 4.
3598 5383 3658 5439 Et
3699 5383 3777 5438 hic

2204 5465 2404 5525 Ariana
2433 5468 2637 5528 insania
2664 5470 2853 5541 plenus
2882 5471 3175 5530 catholicos
3214 5475 3528 5533 insectatur.
3559 5475 3775 5533 Catholic

2202 5697 2435 5753 assutnit.
2470 5695 2544 5750 In.

2274 5767 2437 5844 d_lli_s
2464 5785 2597 5844 coss.
2631 5766 2948 5844 Golltigintra
2970 5770 3268 5844 Hispania:
3296 5775 3439 5830 sedes
3467 5782 3765 5843 acceperunt,

2205 5848 2254 5895 cl
2286 5838 2625 5914 Burdemalus
2659 5856 2691 5891 α
2721 5842 2828 5895 suis
2860 5838 3155 5914 lt‘adi‘tus'et
3200 5845 3435 5901 Tolosam
3463 5838 3687 5914 directus,
3718 5838 3765 5898 ui

2204 5921 2355 5970 tauro
2383 5926 2523 5969 teneo
2553 5911 2824 5980 impositus
2850 5913 2966 5989 igne
2992 5926 3244 5974 crematus
3271 5927 3362 5977 cal.
3394 5916 3470 5976 lo.
