4010 6358
528 365 629 428 951

1666 360 1972 416 VICTORIS
2010 358 2220 416 EI’lSC.
2263 358 2691 419 TUNUNENSIS

3692 363 3813 421 952

517 482 802 556 principis,
836 481 1150 552 magistrum
1179 472 1436 536 Romanae
1454 476 1681 545 militiae,
1728 476 2192 547 congressioneA
2217 477 2320 533 tori
2373 479 2616 555 scribunt
2644 492 2742 549 pro
2784 483 2928 534 statu
2974 477 3435 537 Chalcedonensis
3482 481 3704 552 synodi,
3757 490 3814 541 et

516 577 683 645 facta,
715 575 783 634 67
807 577 935 633 viris
967 591 1033 632 ex
1077 573 1264 629 militia
1301 573 1541 628 Romana
1575 570 1892 641 peremptis,
1927 569 2111 625 vivum
2214 571 2503 628 advenam
2531 571 2833 643 impietates
2862 572 3048 630 Severi
3077 572 3399 630 Antiocheni
3425 574 3694 645 episcopi.

516 671 687 739 capit,
720 678 775 726 et
804 668 1027 724 vinculis
1057 669 1212 723 aereis
1241 667 1479 722 vinctum
1509 665 1564 720 in
1593 662 1893 721 custodiam
1928 676 2112 719 caveae

517 761 717 818 ferrea:
746 760 927 826 tradit,
961 768 1015 814 et
1054 767 1239 829 postea
1267 758 1540 814 distrahit.

592 853 761 910 Paulo
786 861 841 908 et
867 850 1179 907 Muschiano
1213 866 1354 907 coss.
1389 850 1479 923 (Α.
1507 850 1657 922 512).

595 946 990 1001 Alamuudarus
1015 944 1413 1001 Saracenorum
1445 960 1543 1001 rex
1560 958 1590 999 a
1612 942 1989 1000 defensoribus
2019 956 2109 1013 sy-

519 1038 649 1095 nodi
678 1036 1134 1094 Chalcedonensis
1165 1038 1490 1107 baptizatus,
1540 1036 1968 1106 Tlieopaschitas
1996 1033 2110 1104 cpi-

520 1144 717 1201 scopos
736 1145 765 1184 a
804 1131 1004 1187 Severo
1024 1132 1362 1187 Antiocheno
1390 1131 1645 1200 episcopo
1682 1129 1748 1183 ad
1783 1143 1845 1183 se
1870 1143 1992 1184 cum
2024 1126 2111 1182 lit-

522 1224 654 1283 teris
704 1225 921 1290 missos,
977 1226 1262 1281 barbaram
1318 1224 1637 1281 mirabiliter
1689 1222 2110 1294 propositionem

519 1315 851 1373 concludens
870 1325 1035 1387 atque
1064 1330 1344 1387 superans,
1370 1315 1535 1371 Deum
1554 1313 1911 1371 immortalem
1935 1324 2111 1372 osten-

520 1406 623 1463 dit.
1512 1448 1517 1459 μ

594 1505 613 1536 ¹
646 1504 823 1561 Probo
850 1520 903 1561 v.
939 1517 990 1560 c.
1022 1518 1135 1559 cos.
1167 1504 1256 1575 (A.
1286 1504 1437 1574 513).

593 1598 861 1653 Anastasii
884 1596 1224 1667 imperatoris
1242 1604 1511 1667 praecepto
1531 1594 1684 1652 Plato
1702 1593 1937 1651 civitatis
1967 1609 2109 1666 pra:-

522 1690 697 1745 Iectus
727 1698 783 1745 et
802 1689 1063 1744 Maximus
1092 1689 1352 1759 pulpitum
1370 1689 1613 1745 ecclesiae
1633 1687 1819 1745 Sancti
1839 1688 2111 1746 Theodori

519 1782 900 1847 ascendentes,
924 1791 978 1836 et
1004 1781 1207 1853 hymno
1228 1796 1388 1853 quem
1406 1780 1580 1838 Graaci
1603 1781 1887 1852 'l‘risagion
1927 1781 2113 1837 dicunt

519 1877 582 1931 τὸ
603 1876 897 1948 παυρωθὲν
924 1876 947 1908 ³
978 1838 1194 1947 δι’ίὴμᾶς
1228 1838 1439 1931 noviter
1468 1884 1820 1945 apponentes,
1854 1873 1983 1931 dum
2015 1888 2111 1945 per
2141 1863 2191 1924 B
2214 1838 2271 1948 it

517 1966 700 2023 forum
750 1964 1087 2023 Constantini
1117 1966 1173 2022 id
1202 1968 1494 2038 psallentes
1532 1966 1600 2023 ad
1648 1967 1909 2038 majorem
1938 1968 2113 2025 eccle-

520 2061 659 2117 siam
714 2070 966 2133 pergunt,
1026 2061 1200 2118 nubes
1228 2076 1296 2118 ex
1324 2059 1622 2131 improviso
1673 2061 1913 2116 cinerem
1953 2074 2113 2132 super

520 2168 618 2211 eos
664 2169 763 2225 pro
791 2156 970 2225 pluvia
1000 2156 1322 2224 emiserunt,
1366 2163 1644 2223 totamque
1676 2162 1703 2192 ⁸
1734 2153 2000 2210 civitatem
2033 2163 2115 2209 at-

520 2262 629 2317 que
658 2245 988 2318 provinciam
1015 2253 1371 2304 contexeruut
1402 2262 1416 2301 :
1450 2260 1547 2316 pro
1574 2261 1678 2315 qua
1699 2246 1941 2303 novitate
1975 2245 2115 2303 Con-

522 2338 1024 2409 stantinopolitanxe
1078 2340 1245 2395 multa
1295 2339 1433 2393 mala
1485 2338 1823 2394 obvenerunt
1875 2338 2114 2405 civitati,

520 2433 784 2503 multique
803 2443 927 2488 sunt
949 2434 1091 2487 male
1114 2432 1442 2502 interempti.
1468 2431 1815 2487 Prasinorum
1836 2432 2102 2503 siquidem

524 2523 800 2594 simulque
825 2531 879 2578 et
925 2522 1255 2579 Venetorum
1288 2521 1459 2578 turbae
1486 2523 1744 2578 adversus
1773 2521 2117 2579 Anastasium

532 2616 733 2687 imper.
755 2618 937 2683 unitae,
970 2618 1112 2673 inter
1141 2616 1290 2674 mille
1319 2616 1545 2687 injurias
1580 2625 1741 2688 atque
1768 2615 1908 2672 mala
1935 2616 2119 2673 incen-

528 2710 680 2767 dium
728 2712 782 2768 in
813 2714 1002 2769 urbem
1050 2711 1335 2779 miserunt,
1379 2712 1766 2783 combustaqne
1800 2720 1887 2769 est
1927 2712 2119 2769 civitas

528 2807 745 2887 amori};
769 2812 1024 2864 XAAKHC
1056 2806 1317 2877 usquead
1353 2803 1690 2863 Constantini
1723 2808 1916 2877 lorum,
1958 2821 2119 2880 supra

527 2900 924 2973 longitudinem
955 2902 1149 2973 platea:
1177 2901 1553 2957 columnarum
1574 2900 1667 2959 94.

599 2992 862 3051 Senatore
890 3010 943 3050 v.
975 3008 1027 3049 c.
1060 3008 1175 3051 cos.
1207 2995 1299 3065 (A.
1328 2992 1482 3065 514).

601 3085 905 3142 Vitalianus
951 3100 1134 3144 comes
1162 3101 1285 3143 cum
1334 3102 1495 3143 manu
1546 3087 1719 3144 valida
1768 3088 2118 3146 barbarorum

527 3177 1054 3249 Constantinopolim
1078 3179 1299 3236 veniens
1320 3179 1374 3234 iu
1405 3179 1674 3236 Sosthene
1689 3180 1827 3237 sedit
1858 3198 1871 3234 :
1900 3182 1992 3252 qui
2011 3194 2121 3237 non

2284 665 2512 736 Agapito
2540 680 2591 720 v.
2625 681 2677 722 c.
2710 680 2823 723 cos.
2856 666 2948 736 (A.
2980 665 3133 737 517).

2285 780 2519 838 Joannes
2539 780 2934 838 Alexandrinus
2952 781 3237 853 episcopus
3257 784 3508 851 moritur,
3531 791 3592 840 et
3615 799 3721 855 pro
3746 800 3815 842 eo

2214 874 2505 932 Dioscorus
2538 874 2840 932 ordinatur.
2882 875 3199 932 Timotheus
3247 876 3813 947 ConstantinOpoliu—

2213 982 2315 1024 nus
2344 968 2648 1040 episcopus,
2704 967 3035 1025 obtrectator
3064 968 3257 1040 synodi
3311 969 3808 1037 Chalcedonensis,

2213 1063 2247 1119 5
2272 1062 2369 1118 die'
2388 1063 2590 1119 mensis
2620 1061 2821 1133 Aprilis
2849 1063 3119 1133 occubuit,
3149 1072 3204 1120 et
3248 1063 3484 1121 Joannes
3511 1065 3811 1135 Cappadox

2212 1155 2266 1211 in
2296 1153 2438 1212 Cella
2468 1154 2681 1227 propria
2712 1155 2733 1187 ³
2763 1162 2924 1226 atque
2949 1156 3265 1230 presbytero
3294 1156 3679 1227 episcopatum
3704 1166 3811 1212 tra-

2211 1247 2367 1304 didit.
2400 1248 2551 1305 Hunc
2574 1249 2892 1307 Anastasius
2922 1258 3047 1306 ante
3092 1251 3488 1308 ordinationem
3520 1267 3715 1318 suam,
3754 1262 3806 1307 ut

2210 1340 2478 1413 synodum
2511 1340 3002 1399 Chalcedonensem
3031 1342 3453 1413 praedamnaret,
3496 1344 3708 1415 coegit.

2284 1434 2510 1505 Agapito
2538 1450 2577 1491 ll
2607 1444 2663 1491 et
2691 1436 2885 1507 Magno
2914 1450 3055 1492 coss.
3096 1435 3187 1508 (A.
3221 1435 3370 1507 518).

2283 1546 2599 1605 Anastasius
2629 1551 2923 1620 imperator
2976 1551 3117 1607 intra
3160 1551 3417 1621 palatium
3448 1566 3622 1607 suum
3675 1554 3805 1608 toni-

2213 1646 2456 1696 truorum
2485 1650 2694 1698 terrore
2718 1641 2931 1713 fugatus
2970 1652 3027 1700 et
3053 1644 3453 1700 coruscationis
3468 1642 3669 1714 jacnlo
3700 1662 3805 1715 per-

2213 1751 2423 1807 cussus,
2456 1737 2511 1793 in
2540 1737 2786 1794 cubiculo
2812 1753 2918 1808 quo
2966 1738 3267 1794 absconsus
3305 1737 3490 1793 fuerat
3538 1739 3806 1793 moritur:

2289 1843 2412 1886 cum
2438 1829 2729 1900 ignominia
2769 1830 2972 1901 absque
3001 1829 3277 1886 consuetis
3322 1829 3608 1901 exsequiis
3637 1830 3704 1886 ad
3734 1839 3805 1884 tn-

2217 1922 2425 1978 mulum
2447 1920 2661 1977 ducitur
2686 1935 2829 1977 anno
2848 1921 2974 1977 vita
2999 1934 3112 1976 sua:
3152 1919 3244 1977 88.

2288 2035 2653 2093 Romanorum
2684 2052 2737 2092 ω
2765 2036 3007 2094 Justinus
3032 2047 3222 2109 regnat
3246 2052 3338 2093 an.
3369 2038 3425 2106 8,
3459 2051 3645 2094 mens.
3670 2042 3724 2093 9.

2288 2152 2622 2224 lllyricianus
2638 2152 2959 2221 catholicus,
2982 2152 3173 2224 synodi
3190 2150 3659 2209 Chalcedonensis
3675 2169 3807 2208 ama-

2218 2253 2303 2301 tor
2331 2245 2598 2316 simulque
2624 2245 2901 2314 del'ensor,
2934 2245 3090 2316 cujus
3112 2245 3307 2316 conjux
3336 2246 3614 2317 Lupicina
3650 2249 3806 2303 nomi-

2218 2350 2287 2392 ne
2312 2334 2610 2402 dicebatur,
2638 2350 2798 2406 quam
2827 2335 3411 2406 Constantinopolitani
3454 2335 3802 2407 Euphemiam

2218 2438 2405 2503 postea
2448 2440 2795 2499 vocaverunt,
2830 2430 2915 2487 cui
2944 2444 3113 2501 nepos
3159 2429 3502 2487 Justinianus
3532 2430 3790 2496 vocabulo,

2218 2524 2318 2581 fuit
2345 2523 2615 2581 candidati
2642 2524 2830 2580 militia
2857 2523 3093 2579 functus.

2290 2618 2501 2675 Justino
2530 2620 2671 2689 Aug.
2701 2626 2758 2675 et
2786 2618 3032 2674 Heraclio
3060 2632 3201 2675 coss.
3237 2618 3328 2690 (A.
3356 2618 3514 2688 519).

2294 2709 2571 2767 Amantius
2616 2709 2938 2781 praepositus
2966 2710 3260 2767 seditiones
3301 2711 3357 2765 in
3388 2709 3598 2781 populo
3643 2712 3805 2767 susci-

2220 2812 2343 2861 tans
2370 2803 2663 2875 imperator
2687 2804 2823 2861 alius
2842 2804 3141 2874 postulatur
3165 2823 3177 2858 :
3207 2804 3300 2875 qui
3321 2804 3516 2860 Justini
3537 2812 3809 2876 praecepto

2221 2898 2474 2969 principis
2498 2914 2604 2955 una
2629 2913 2753 2955 cum
2798 2897 3012 2955 Andrea
3062 2897 3393 2956 cubiculario
3418 2897 3701 2966 occiditur,
3727 2905 3810 2955 -ει

2220 2990 2278 3047 in
2303 2992 2529 3048 rheuma
2548 2993 2800 3063 jactatur.

2294 3086 2601 3144 Rustitione
2620 3102 2675 3143 v.
2705 3100 2756 3142 c.
2783 3100 2897 3144 cos.
2928 3087 3017 3157 (A.
3049 3084 3199 3158 520).

2294 3177 2549 3245 Joannes,
2576 3178 2667 3250 qui
2701 3187 2828 3236 ante
2852 3179 3125 3236 Justinnm
3153 3179 3221 3236 ad
3250 3179 3533 3250 imperium
3560 3188 3685 3235 erat
3706 3178 3810 3235 ele-

532 3270 695 3327 aliter
724 3271 1027 3342 postulatus
1048 3286 1236 3342 pacem
1258 3272 1543 3329 Anastasio
1566 3272 1879 3342 imperatori
1907 3242 2123 3342 promit-
2147 3242 2196 3305 α
2227 3280 2364 3339 ctus,
2400 3271 2661 3328 Heraclia:
2706 3273 2993 3343 episcOpus
3035 3271 3335 3339 ordinatur,
3374 3282 3433 3328 et
3482 3270 3812 3327 Justinianns

534 3361 625 3431 tit,
657 3362 762 3417 nisi
790 3363 939 3434 prius
968 3363 1282 3421 defensores
1310 3363 1502 3436 synodi
1538 3361 1993 3421 Chalcedonensis
2034 3379 2123 3422 re-

532 3454 744 3525 legatos
780 3456 973 3513 exsilio
1017 3455 1236 3513 sedibus
1262 3456 1495 3527 propriis
1538 3456 1747 3523 reddat,
1779 3466 1833 3513 et
1868 3455 2123 3515 Romanae

531 3547 797 3606 Ecclesiae
823 3558 1045 3607 cunctas
1072 3548 1303 3606 Orientis
1331 3549 1607 3606 Ecclesias
1640 3550 1812 3605 uniat.

603 3640 883 3699 Florentio
903 3658 957 3698 v.
988 3657 1040 3699 c.
1080 3656 1193 3699 cos.
1222 3642 1311 3715 (A.
1344 3643 1493 3713 515).
1559 3670 1605 3691 οι

605 3732 750 3804 Ugni
780 3732 1116 3801 Armeniam,
1143 3735 1539 3806 Cappadociam
1569 3744 1624 3792 et
1663 3733 1948 3802 Galatiam,
1981 3733 2121 3790 Pon-

533 3833 762 3895 tumque
802 3824 1057 3879 atrociter
1082 3838 1367 3881 vexavere.
1412 3827 1491 3882 Εο
1521 3836 1762 3895 tempore
1792 3823 2119 3894 Euphemius

535 3912 1164 3984 Constantinopolitanns
1193 3916 1477 3987 episcopus
1506 3918 1646 3987 apud
1674 3919 1943 3989 Ancyram
1966 3916 2122 3973 Gala-

536 4005 648 4073 tiae,
671 4016 727 4064 et
743 4006 982 4065 Ariadne
1020 4007 1257 4080 Augusta
1306 4009 1362 4066 in
1409 4009 1559 4082 regia
1586 4010 1720 4068 urbe
1768 4009 1837 4067 de
1886 4008 1986 4066 hac
2013 4008 2123 4066 vita

538 4098 826 4156 transiere.

611 4197 776 4255 Petro
797 4213 852 4255 v.
886 4212 935 4254 c.
965 4212 1111 4256 coss.
1152 4198 1243 4272 (A.
1274 4198 1424 4272 516).

2044 3604 2075 3630 ο

2228 3380 2396 3437 nepos
2425 3364 2624 3421 Justini
2670 3365 2809 3436 Aug.
2862 3380 2929 3421 ex
2971 3364 3252 3422 candidato
3278 3364 3534 3435 magister
3589 3364 3810 3420 militum

2227 3458 2531 3515 ordinarius
2560 3458 2926 3515 constituitur.

2300 3550 2516 3607 Valerio
2540 3558 2594 3606 et
2612 3548 2914 3607 Justiniano
2940 3563 3086 3607 coss.
3118 3550 3207 3620 (A.
3237 3546 3387 3619 521).

2298 3644 2675 3702 Alexandrinae
2724 3642 2980 3700 Ecclesia:
3008 3642 3265 3699 Dioscoro
3291 3640 3557 3712 episcopo
3612 3654 3809 3697 mortuo

2226 3736 2542 3794 Timotheus
2585 3735 2849 3793 succedit.
2880 3734 3233 3792 Antiochenze
3259 3748 3389 3790 vero
3432 3733 3703 3790 Ecclesia
3723 3734 3807 3789 Se-

2225 3846 2386 3889 verus
2414 3830 2662 3902 princeps
2693 3829 2868 3886 hatres
2898 3828 2921 3860 ⁸
2950 3829 3028 3897 fit,
3060 3837 3116 3885 et
3162 3825 3674 3898 Hierosolymitante
3721 3826 3809 3882 Ec—

2224 3924 2402 3980 clesiae
2425 3923 2681 3980 Joannes.

2296 4014 2537 4071 JuStinus
2564 4013 2857 4085 imperator
2885 4011 3202 4079 Orientales,
3226 4020 3430 4083 praeter
3459 4025 3666 4083 parvos
3686 4026 3806 4083 pon-

2229 4106 2401 4163 tifices
2433 4104 2479 4175 ⁸,
2518 4104 2772 4162 Acacium
2819 4103 3091 4176 quondam
3132 4101 3805 4174 Constantinopolitannm,

2229 4198 2448 4255 Petrum
2474 4196 2966 4265 Antiochenam,et
2984 4196 3203 4253 Petrum
3234 4194 3671 4252 Alexandrinum
3709 4194 3810 4265 epi-

518 4309 525 4315 ο
616 4287 863 4347 Uuiversi
894 4289 1331 4347 archimandritas
1382 4298 1442 4346 et
1488 4289 1740 4347 monachi
1766 4289 1934 4352 eremi
1982 4297 2129 4346 trans
2228 4304 2421 4361 scopos
2442 4290 2669 4361 pristino
2694 4304 2885 4348 errore
2920 4287 3227 4361 implicitos,
3257 4287 3696 4346 Occidentalibus
3716 4304 3804 4342 an-

538 4382 884 4443 Palaestinam
925 4391 983 4441 et
1005 4383 1296 4441 Jordanem
1324 4382 1547 4440 fluvium
1574 4382 1862 4441 Anastasio
1889 4382 2126 4455 impera-

2232 4382 2486 4442 tistitibus
2508 4385 2608 4442 sub
2636 4382 2797 4455 digna
2835 4381 3199 4441 satisfactione
3224 4381 3529 4456 coniungit,
3559 4381 3807 4441 rediviva-

524 4596 525 4601 ‘
620 4593 649 4623 ι
675 4584 808 4656 Post
849 4584 1112 4641 Alaricum
1142 4583 1489 4642 Theodericus
1522 4583 1695 4642 Italia
1721 4599 1813 4641 rea:
1843 4584 2130 4641 Gothorum
2165 4585 2295 4655 regit
2340 4586 2395 4640 in
2419 4584 2701 4655 Hispania,
2748 4600 2873 4641 ann.
2908 4584 2997 4653 l5,
3044 4583 3321 4641 Amalarici
3374 4585 3588 4656 parvuli
3612 4586 3816 4642 tutelam

541 4672 743 4728 genus.
774 4654 973 4714 Senos.

620 4836 1439 4917 fFLClementinumpollegam
1461 4793 2116 4917 habuiﬁt'Aniciu‘sl’robus.
2145 4837 2203 4900 D
2241 4907 2256 4917 _
2296 4839 2315 4868 ²
2345 4822 2926 4917 Idem.We_sselingius,
2960 4835 2997 4890 Ι.
3026 4850 3102 4917 9.,
3125 4848 3180 4904 p.
3210 4832 3333 4917 μς),
3360 4837 3595 4917 testatur
3621 4831 3688 4917 in
3720 4832 3816 4917 latr

544 4907 629 4964 Ad
642 4922 802 4978 quem
831 4908 1007 4964 locum
1030 4907 1091 4962 Ρ.
1114 4906 1498 4978 Wesselingius
1519 4907 1577 4978 in
1604 4907 1827 4978 Dissert.
1853 4907 1918 4962 ad
1941 4906 2123 4962 Victo-

544 4994 661 5033 rem
682 4978 1061 5034 Tununensem
1082 4977 1328 5033 Diatribae
1344 4977 1411 5033 de
1429 4977 1734 5035 Judaeorum
1763 4977 2123 5034 Archontibus

545 5048 812 5119 subjecta,
842 5050 898 5103 in
923 5048 1107 5104 codice
1136 5064 1295 5103 manu
1335 5049 1406 5103 M.
1442 5048 1649 5104 Velseri
1679 5049 1971 5119 descripto,
2001 5050 2127 5104 sibi-

587 5135 653 5173 ne
695 5120 763 5176 ab
810 5120 1213 5175 llemsterhusio
1241 5120 1597 5185 commodata,
1648 5119 1764 5174 haec
1809 5120 1970 5175 habet
1998 5134 2122 5189 pag.

586 5189 656 5243 52
686 5209 699 5245 :
730 5190 935 5247 Norant
956 5204 1168 5260 omnes,
1191 5190 1381 5259 inquit,
1413 5190 1503 5259 qui
1532 5191 1617 5244 vel
1644 5189 2001 5260 perfunctorie
2026 5189 2126 5245 hoc

548 5262 815 5316 Chronico
866 5260 945 5315 usi
993 5271 1135 5327 sunt,
1172 5262 1393 5330 margini
1426 5261 1492 5315 ab
1521 5261 1755 5330 llispano
1783 5260 2001 5331 librario
2031 5274 2126 5331 ap-

548 5332 692 5399 picta
739 5346 881 5397 esse,
911 5346 1028 5397 qua:
1069 5329 1461 5387 succesﬁoncm
1496 5329 1681 5400 regum
1730 5329 2127 5399 Visigothorum

550 5402 825 5457 illuStrare
851 5410 1074 5470 possunt
1102 5418 1115 5453 :
1139 5417 1203 5457 ea
1232 5416 1359 5457 vero
1379 5416 1476 5457 nec
1500 5403 1736 5471 Scaliger
1760 5414 1859 5455 nec
1881 5400 2127 5471 Canisius

551 5473 869 5543 negligenda
922 5473 1208 5543 duxerunt,
1258 5487 1559 5543 quanquam
1599 5470 1787 5543 neuter
1816 5470 1994 5525 omnia
2034 5486 2126 5543 ex-

555 5539 776 5613 cerpsit.
820 5544 893 5597 lta
919 5544 985 5597 ad
1013 5558 1153 5599 coss.
1184 5539 1345 5597 Probi
1378 5539 1437 5595 V.
1464 5542 1525 5596 C.
1554 5542 1842 5613 ascriptum
1868 5550 1947 5613 est
1973 5557 1999 5613 At
2027 5539 2125 5613 llis

554 5610 733 5668 Const.
756 5614 1021 5668 Gelasirus
1045 5614 1106 5667 de
1133 5613 1306 5680 Africa
1334 5613 1551 5674 rediens,
1578 5612 1637 5665 ob
1663 5620 1846 5663 metunt
1877 5610 1927 5662 11
1934 5611 2124 5664 clbauis

552 5684 883 5750 Aquitaniam
914 5686 1072 5749 petiit,
1103 5684 1271 5753 ibique
1315 5684 1463 5735 latuit
1492 5698 1685 5753 annum
1712 5697 1890 5753 unum.
1924 5682 2125 5753 llorttm

553 5757 693 5809 ratio
722 5754 906 5809 haberi
928 5749 1278 5809 debuerat'ob
1300 5768 1362 5807 ea
1410 5768 1526 5822 qua:
1556 5750 1708 5805 Cons.
1732 5749 1910 5805 Boetio
1935 5751 2001 5807 de
2024 5750 2127 5805 Ge-

554 5826 706 5880 sallci
736 5826 856 5893 luga
886 5825 939 5879 in
965 5826 1197 5885 Africam
1237 5822 1442 5893 fuerant
1467 5839 1493 5875 a
1524 5822 1741 5893 librario
1762 5830 1994 5887 enotata,
2028 5822 2123 5878 bc-

554 5908 729 5966 neque
749 5890 1073 5951 conveniunt
1102 5892 1286 5949 lsidori
1312 5892 1555 5947 Chronico
1587 5890 1736 5947 Colit.
1767 5907 1871 5947 mra
1896 5908 2049 5948 uva.

2223 4907 2350 4965 dato
2394 4908 2579 4965 codice
2601 4910 2730 4980 legi,
2765 4900 3158 4980 é'arabpgiee’sr}
3201 4906 3355 4975 ἡμᾶς.
3398 4900 3585 4965 Unde,
3625 4902 3823 4980 ιιι-[ρξ-

2227 4972 3053 5054 mulaeragudgérdupwerié‘dz:
3090 4972 3275 5054 ép§;_,_
3296 4982 3640 5044 oportuerat.
3698 4972 3823 5027 Vide

2228 5050 2473 5105 Photium
2501 5049 2753 5105 Biblimh.
2774 5048 2927 5118 pagg.
2958 5048 3063 5104 610
3090 5048 3146 5103 et
3174 5048 3296 5118 747.

2300 5120 2320 5151 ³
2349 5114 2948 5191 Ἦθδεθιῇιιεὶυε,’ἱὺῖᾶ.,
2974 5116 3383 5191 rescribendum
3423 5123 3597 5186 putat,
3622 5114 3826 5191 locum

2228 5189 2522 5259 Cappadoci
2541 5186 2784 5261 Syﬁcello
2807 5186 3032 5261 proprio.
3062 5190 3233 5261 Atque
3258 5186 3395 5261 hanc
3416 5200 3570 5261 suam
3602 5186 3823 5241 restim—

2232 5256 2431 5316 tionem
2481 5256 2763 5321 confirmat
2789 5256 3107 5316 auctoritate
3137 5258 3480 5327 Theophanis
3507 5256 3823 5323 Chronogr.

2236 5346 2355 5400 pag.
2391 5332 2514 5404 140,
2562 5331 2651 5387 ubi
2682 5333 2759 5387 sic
2792 5350 2803 5384 :
2828 5332 3070 5404 Τιμοθέου
3094 5331 3431 5404 ἀποθρςνόντος
3471 5329 3716 5404 Ἰωάννην
3745 5332 3825 5381 τόδ

2234 5402 2567 5478 Καππαᾷῥξην
2588 5401 2935 5478 πρεεϐεύτερὸν
2960 5406 3048 5478 atati
3069 5401 3333 5473 Σύγκελλον
3360 5401 3822 5478 προεχε-ιρίσαντο.

2304 5471 2325 5502 ⁸
2365 5476 2408 5527 A
2440 5471 2658 5528 Victore
2687 5471 2992 5528 Tononensi
3016 5471 3244 5528 Severus
3272 5484 3379 5525 non
3401 5471 3569 5523 'semel
3595 5478 3822 5522 vocatur

2232 5543 2467 5612 princeps
2497 5544 2725 5604 hwrcsis.
2772 5544 2868 5609 sed
2894 5546 3062 5599 semel
3093 5544 3252 5595 lateres
3300 5539 3608 5612 ediderunt.
3644 5538 3825 5594 Cors~

2231 5627 2354 5668 Lsu.
2388 5614 2533 5668 Eccl.
2566 5614 2661 5668 Gr.
2695 5614 2930 5668 Monum.
2964 5623 3091 5667 tom.
3124 5612 3187 5676 ll,
3223 5626 3342 5680 pag.
3373 5611 3498 5665 659.

2304 5686 2323 5714 ⁵
2345 5682 2440 5738 Cui
2470 5700 2574 5739 non
2606 5684 2688 5739 vel
2723 5684 2896 5751 primo
2925 5685 3117 5739 intuitu
3146 5683 3425 5737 manifesta
3444 5680 3538 5751 isit
3567 5694 3704 5735 vera
3742 5692 3823 5731 te-

2230 5756 2354 5822 ctio,
2385 5768 2567 5824 pravos
2599 5750 2903 5824 pontiﬁces?
2938 5755 3212 5811 Corum.
3245 5752 3391 5809 Eccl.
3429 5750 3520 5807 Gr.
3569 5751 3820 5807 nonum.

2231 5835 2358 5883 tom.
2395 5825 2433 5893 Ι,
2460 5840 2579 5897 pag.
2618 5826 2737 5883 787.
