4010 6454
162 427 263 487 957

1589 416 1997 478 CHRONICON.

3319 411 3427 477 958

157 539 363 614 judicio
388 537 578 611 synodi
620 535 1076 595 Chalcedonensis
1124 535 1419 606 approbata
1464 543 1519 592 et
1559 538 1749 591 ortho-
1774 538 1823 598 Α
1856 575 1871 592 .
1916 579 1931 595 .
1972 572 1990 590 .
2032 572 2049 588 .
2093 574 2108 589 .
2153 575 2166 589 .
2209 574 2227 591 .
2268 572 2285 590 .
2329 572 2342 590 .
2388 573 2404 592 .
2444 574 2460 593 .
2504 547 2520 589 ;
2564 576 2581 593 .
2621 573 2638 591 .

100 700 111 709 _
161 634 303 693 doxa
343 633 584 702 iudicata
639 641 756 699 est,
800 641 855 687 et
905 630 1071 701 gestis
1122 628 1471 702 synodalibus
1516 628 1739 685 sociata.

163 722 510 781 Theodorum
534 721 659 779 dein
687 721 1119 793 Mopsuestcnum
1149 721 1484 790 episcopum,
1513 720 1743 791 synoda-

163 816 289 873 liter
316 816 565 879 similiter
607 818 774 887 gestis
820 816 963 886 apud
1015 814 1354 870 Antiochiam
1401 815 1500 869 sub
1542 814 1747 872 Joanne

163 909 417 981 episcopo
440 909 687 980 ejusdem
717 909 974 966 Ecclesiae
1000 916 1057 965 et
1077 907 1418 965 Chalcedone
1439 906 1745 974 laudatum;

164 1008 220 1058 et
264 999 592 1056 Theodoreti
642 998 769 1071 Cyri
806 1001 823 1031 ⁸
867 999 1103 1070 episcopi
1150 999 1326 1065 dicta,
1383 1013 1503 1054 cum
1555 998 1748 1055 eodem

165 1092 509 1152 Theodoreto
557 1094 749 1166 synodi
784 1092 1241 1150 Chalcedonensis
1290 1092 1508 1149 vocibus
1546 1092 1751 1147 collau-

167 1186 311 1243 data.
354 1185 455 1243 llic
497 1185 676 1255 itaque
720 1199 857 1256 papa
903 1184 1127 1243 etiectus
1166 1184 1235 1239 ab
1263 1182 1496 1241 Antonia
1528 1181 1749 1253 patricia

167 1280 416 1340 Belisarii
460 1294 633 1337 uxore
670 1278 1036 1349 compellitur,
1085 1287 1144 1333 ut
1177 1276 1486 1333 Theodosio
1520 1274 1753 1331 Alexan-

168 1374 345 1441 drino,
378 1374 668 1431 Anthemio
691 1372 1285 1443 Constantinopolitano
1320 1381 1374 1426 et
1414 1370 1612 1425 Severo
1646 1371 1754 1424 An-

169 1470 451 1536 tiocheno,
473 1468 586 1540 jam
627 1468 839 1539 pridem
865 1469 935 1524 ah
963 1466 1256 1538 apostolica
1285 1465 1416 1521 sede
1454 1465 1754 1531 damnatis,

172 1570 421 1632 tanquam
449 1560 737 1618 catholicis
762 1560 1046 1627 scriberet,
1092 1569 1147 1616 et
1174 1560 1248 1615 ita
1270 1557 1338 1613 de
1369 1555 1475 1613 lide
1496 1557 1756 1628 quemad-

172 1653 391 1710 modum
412 1652 573 1709 etilli
598 1651 844 1709 sentiret.
866 1650 1035 1721 Cujus
1057 1651 1295 1720 epistolae
1315 1651 1460 1707 illius
1489 1658 1644 1706 tenor
1681 1648 1757 1705 ita

171 1758 234 1813 se
282 1744 491 1802 habere
528 1744 786 1815 probatur
820 1762 831 1796 :
877 1742 1114 1798 Dominis
1148 1746 1169 1776 ⁸
1213 1754 1260 1797 et
1310 1744 1366 1797 in
1411 1743 1601 1797 Christi
1664 1740 1761 1795 Dei

177 1836 467 1894 Saluatoris
491 1837 655 1893 nostri
681 1837 933 1892 charitate
964 1836 1252 1905 conjunctis
1288 1836 1559 1905 fratribus,
1591 1834 1761 1889 Theo—

1917 628 2045 685 Post
2070 628 2409 685 consulatum
2435 628 2620 685 Basilii
2648 643 2703 684 v.
2728 643 2779 685 c.
2810 641 2950 684 anno
2980 624 3015 683 4
3043 628 3129 695 (Α.
3160 625 3310 699 545),
3337 610 3439 685 ιυέ

1842 719 2111 776 stiniauus
2144 721 2436 790 imperator
2463 720 2859 791 Acephalorum
2892 720 3329 792 subreptionibus
3350 720 3431 776 itt-

1845 815 2069 885 stigatus
2121 815 2371 887 Vigilium
2426 816 2725 873 Romanum
2781 816 3090 887 cpisc0pum
3152 813 3432 871 subtiliter

1846 910 2121 981 compellit
2161 919 2216 965 ut
2256 910 2324 965 ad
2366 910 2554 967 urbem
2603 911 2805 981 regiam
2855 920 3191 981 properaret,
3236 918 3288 965 ct
3333 910 3434 967 sub

1849 1004 2083 1074 speciem
2114 1004 2547 1075 congregationis
2586 1020 2773 1061 eorum
2801 1005 2891 1075 qui
2931 1006 2999 1061 ab
3030 1004 3283 1063 Ecclesia:
3312 1012 3441 1073 sunt

1851 1098 2107 1155 societate
2128 1098 2305 1165 divisi,
2337 1099 2441 1153 tria
2463 1100 2702 1169 Capitula
2732 1100 3141 1157 condemnaret.

1926 1189 1955 1229 δ
1984 1192 2479 1261 llierosolymitanae
2512 1191 2771 1249 Ecclesia:
2807 1192 3156 1264 praesulatum
3187 1201 3311 1265 post
3339 1192 3439 1251 Pe-

1860 1292 2000 1340 trum
2028 1284 2287 1339 Macarius
2316 1284 2559 1355 suscipit.

1930 1376 2057 1432 Post
2098 1376 2433 1434 consulatum
2482 1378 2664 1435 Basilii
2709 1394 2763 1432 v.
2808 1394 2861 1435 c.
2894 1394 3038 1437 anno
3080 1380 3115 1436 5
3146 1380 3238 1451 (A.
3290 1378 3446 1453 5.56),

1863 1467 2027 1524 Stuza
2075 1478 2335 1539 tyrannus
2381 1470 2523 1539 apud
2566 1463 2832 1538 'Africam,
2879 1481 3036 1543 portu
3085 1472 3274 1530 Taceas
3314 1488 3444 1529 con-

1860 1560 2137 1630 gressione
2163 1558 2326 1628 facta,
2360 1560 2583 1617 Joannis
2630 1563 2890 1619 Romana:
2935 1563 3139 1622 militia:
3181 1566 3332 1622 ducis
3366 1566 3450 1636 ja-

1861 1651 1986 1707 culo
2012 1666 2299 1721 percussus
2330 1662 2442 1719 est;
2473 1656 2693 1726 parique
2724 1658 2841 1713 vice
2873 1658 3106 1715 Joannes
3140 1658 3451 1731 Stuzazzqui

1861 1742 2147 1800 confestim
2173 1744 2432 1801 alterutro
2460 1749 2671 1818 utrique
2698 1750 2877 1819 gladio
2906 1752 3241 1821 ceciderunt,
3274 1763 3329 1810 et
3355 1753 3451 1810 do-

1862 1833 2063 1890 minico
2089 1835 2198 1901 die,
2228 1850 2335 1905 quo
2362 1852 2535 1907 pugna
2568 1837 2705 1893 iacta
2746 1849 2852 1910 est,
2880 1843 3203 1899 moriuntur.

177 1929 344 1996 datio,
361 1928 631 1987 Anthemio
652 1940 700 1986 et
722 1929 912 1986 Severe
932 1930 1201 1999 episcopis,
1232 1927 1448 1999 Vigilius
1471 1930 1759 1997 episcopus.
1790 1926 1839 1996 Β
1938 1923 2065 1980 Post
2110 1926 2452 1981 consulatum
2504 1928 2686 1983 Basilii
2729 1945 2784 1983 v.
2834 1944 2885 1985 c.
2933 1946 3074 1987 anno
3116 1933 3147 1988 6
3179 1934 3265 2001 (Α.
3299 1934 3454 2007 547),

178 2022 302 2078 Seio
325 2022 531 2091 quidem
548 2036 663 2091 quae
682 2022 751 2076 ad
771 2022 1094 2076 sanctitatem
1115 2030 1332 2075 vestram
1356 2029 1474 2074 ante
1496 2019 1615 2089 ﬁdei
1638 2033 1765 2075 meat

177 2114 483 2182 credulitas,
528 2112 642 2170 Deo
662 2118 878 2185 jusante
917 2114 958 2181 ³,
999 2115 1243 2182 pervenit.
1295 2112 1402 2169 Sed
1444 2111 1567 2182 quia
1612 2113 1764 2167 modo

179 2204 406 2275 gloriosa
430 2203 637 2258 domina
658 2203 679 2235 ⁸
708 2214 755 2259 et
785 2205 895 2273 ﬁlia
924 2220 1034 2259 mea
1077 2206 1295 2275 patricia
1325 2204 1767 2260 Christianissima

179 2295 433 2355 desideria
458 2313 571 2351 mea
599 2297 723 2361 facit
746 2296 972 2366 impleri,
1001 2305 1058 2351 ut
1091 2296 1401 2366 fraternitati
1431 2306 1607 2351 vestra:
1632 2310 1767 2363 pra:-

179 2388 343 2443 sentia
369 2388 562 2454 scripta
598 2388 1025 2450 transmitterem;
1069 2388 1301 2442 salutans
1332 2404 1423 2457 ego
1464 2388 1632 2457 gratia
1665 2402 1769 2456 qua

178 2496 272 2537 nos
306 2480 362 2535 in
406 2479 607 2536 Christo
646 2480 719 2535 D.
752 2479 830 2535 N.
873 2480 1143 2535 Saluatore
1177 2480 1536 2552 eonjungimur
1564 2480 1609 2546 ⁵,
1651 2495 1767 2535 eam

178 2570 334 2641 ﬁdem
359 2587 514 2641 quam
540 2572 742 2637 tenetis,
781 2569 892 2626 Dea
914 2571 1125 2643 jubentc
1169 2569 1213 2637 ',
1251 2579 1299 2624 et
1343 2570 1564 2627 tenuisse
1601 2587 1681 2625 me
1720 2578 1769 2624 et

179 2673 349 2721 tenere
388 2664 623 2735 signiﬁco
652 2679 672 2720 :
700 2666 915 2721 scientes
946 2664 1081 2720 illud
1112 2664 1245 2719 inter
1272 2678 1365 2719 nos
1392 2664 1435 2727 ⁷,
1463 2664 1598 2731 quod
1636 2679 1770 2733 prta-

178 2758 412 2814 dicamus
440 2766 489 2812 et
530 2758 775 2829 legimus,
824 2758 945 2828 quia
975 2758 1147 2811 anima
1185 2772 1291 2810 una
1317 2765 1365 2811 et
1404 2772 1492 2810 cor
1517 2757 1662 2811 nobis
1702 2755 1773 2810 sit

180 2865 346 2907 unum
382 2850 437 2904 in
473 2848 603 2905 Deo.
637 2848 910 2918 Profectus
939 2849 1073 2916 mei,
1109 2850 1198 2918 qui
1225 2855 1302 2903 est
1336 2859 1519 2915 vester,
1553 2847 1661 2902 Dee
1678 2848 1773 2917 ju-

177 2950 327 2997 vante
347 2982 363 3010 ,
392 2940 632 2997 nuntiare
664 2941 804 2996 vobis
827 2940 1021 3013 gaudia
1054 2942 1306 2996 maturari
1324 2980 1340 3007 ,
1371 2955 1435 2993 ea:
1462 2954 1570 2993 meo
1598 2940 1773 2993 animo

181 3034 556 3105 fraternitatem
576 3044 813 3104 vestram,
830 3050 945 3105 qua
962 3042 1129 3105 optat,
1154 3035 1358 3090 licenter
1378 3033 1705 3105 amplectitur
1725 3034 1770 3089 ⁸.

181 3130 404 3201 Oportet
434 3147 555 3202 ergo
594 3139 650 3186 ut
678 3132 787 3187 hau:
814 3145 928 3201 qua:
955 3128 1094 3186 vobis
1122 3128 1289 3184 scribo
1315 3130 1560 3199 agnoscat
1585 3130 1645 3193 ’ς
1682 3128 1773 3183 sed

178 3224 350 3295 magis
370 3234 614 3294 tanquam
634 3233 923 3294 suspectum
944 3239 1023 3280 me
1038 3222 1297 3293 sapientia
1315 3231 1479 3277 vestra
1503 3231 1621 3275 ante
1641 3222 1775 3276 alios

1868 2014 2176 2072 Ferrandus
2204 2016 2547 2089 Carthaginis
2577 2018 2833 2077 Ecclesiae
2859 2022 3131 2091 diaconus,
3164 2026 3344 2083 clarus
3366 2026 3455 2081 ha-

1866 2104 2045 2162 betur.
2076 2107 2364 2164 Guntarith
2409 2111 2663 2179 magister
2708 2112 2937 2169 militum
2981 2116 3329 2173 Ariobindatn
3365 2133 3457 2188 pa-

1869 2199 2081 2255 tricium
2115 2202 2515 2273 principemque
2554 2203 2811 2261 Romanae
2852 2209 2991 2279 apud
3036 2209 3272 2266 Africam
3315 2212 3457 2267 mili-

1869 2291 1978 2358 tiae,
2025 2309 2092 2349 eo
2121 2300 2366 2365 tempore
2407 2296 2475 2352 ab
2518 2298 2651 2367 imp.
2697 2300 2919 2356 missum
2968 2301 3290 2373 Carthagine
3322 2302 3459 2359 intra

1870 2384 2127 2453 palatium
2177 2397 2337 2444 nocte
2378 2390 2617 2459 perimit,
2656 2401 2712 2447 et
2745 2407 2968 2461 regnum
3009 2408 3130 2449 cum
3180 2394 3460 2467 tyrannide

1868 2478 2113 2533 assumit.
2162 2477 2319 2536 Hunc
2363 2480 2708 2553 Carthaginis
2760 2482 2873 2538 dux
2926 2483 3251 2553 Artabanus,
3295 2486 3461 2556 trige-

1868 2569 2010 2627 simo
2030 2579 2185 2626 sexto
2213 2572 2365 2641 regni
2392 2574 2475 2628 sui
2500 2572 2587 2630 die
2613 2575 2965 2644 prandentem
2994 2576 3287 2633 interfecit.

1945 2662 2069 2717 Post
2116 2664 2454 2718 consulatum
2497 2664 2678 2721 Basilii
2709 2682 2759 2719 v.
2809 2683 2857 2722 c.
2908 2683 3051 2725 anno
3100 2668 3134 2725 8
3179 2668 3268 2738 (Α.
3302 2668 3460 2740 548).

1871 2754 2207 2810 Justiuianus
2237 2756 2368 2824 imp.
2396 2771 2493 2827 per
2518 2757 2761 2814 diversas
2788 2760 3094 2829 provincias
3125 2761 3181 2817 in
3204 2761 3356 2831 regni
3381 2761 3463 2828 sui

1875 2847 2075 2903 ﬁnibus
2104 2850 2424 2904 constitutas
2446 2850 2838 2907 instantissime
2862 2852 3048 2907 scribit
3073 2870 3087 2919 ;
3112 2861 3169 2909 et
3195 2853 3465 2909 antistites

1878 2951 2101 2996 cunctos
2151 2941 2371 3010 praefata
2420 2942 2523 2997 tria
2566 2943 2811 3015 Capitula
2855 2946 3114 3003 damnare
3168 2947 3461 3019 compellit.

1876 3033 2177 3102 Euphemio
2220 3034 2557 3092 Antiocheno
2604 3038 2860 3109 episcopo
2899 3040 3141 3096 succedit
3191 3040 3457 3096 Doninus.

1946 3126 2074 3182 Post
2098 3128 2434 3183 consulatum
2470 3128 2649 3184 Basilii
2678 3145 2739 3207 νι
2770 3146 2820 3185 c.
2850 3144 2994 3187 anno
3017 3129 3050 3185 9
3072 3130 3160 3204 (A.
3206 3128 3359 3201 549),
3389 3128 3463 3184 ll-

1875 3219 2131 3292 lyriciaua
2174 3222 2408 3290 synodus
2438 3223 2492 3278 in
2521 3223 2837 3279 defensione
2872 3225 3038 3281 trium
3085 3223 3330 3295 Capitum
3360 3221 3455 3280 Ju-

176 3315 400 3373 cestimet
426 3332 479 3371 se
503 3316 691 3373 habere
715 3316 783 3388 η,
812 3324 867 3370 ut
898 3315 1104 3385 facilius
1126 3314 1284 3385 possit
1304 3313 1445 3368 Deus
1472 3327 1588 3383 qua:
1614 3314 1766 3384 capit
1794 3307 1842 3374 C
1872 3316 2103 3371 stiniano
2130 3315 2265 3386 Aug.
2293 3313 2501 3384 scribit,
2533 3326 2587 3372 ct
2621 3316 2950 3372 Benenatum
2982 3315 3171 3387 prima:
3196 3314 3451 3371 Iustinia-

175 3412 390 3481 operari
420 3410 663 3481 perﬁcere
687 3411 752 3465 ιι.
778 3409 846 3466 Et
872 3408 1194 3477 subscriptio
1217 3408 1417 3479 {Orate
1442 3422 1636 3477 prome
1660 3405 1771 3462 Do-

177 3503 313 3561 mini
351 3503 449 3559 mei
474 3505 663 3575 fratres
702 3505 759 3559 in
797 3502 989 3562 Christi
1024 3500 1237 3559 Domini
1282 3501 1444 3557 nostri
1484 3500 1772 3557 Servatoris

177 3594 439 3653 charitate
461 3596 679 3653 connexi
698 3596 762 3650 ι’.

259 3695 290 3726 ιι
315 3686 515 3745 llorum
545 3686 768 3745 exordia
813 3686 1076 3745 malorum
1122 3685 1391 3757 generalis
1430 3685 1577 3741 orbis
1606 3694 1775 3741 terra-

177 3795 313 3841 rum
358 3782 657 3839 mortalitas
706 3780 969 3852 sequitur,
1000 3788 1055 3836 et
1100 3779 1377 3850 inguinum
1427 3779 1775 3851 percussione

178 3873 369 3945 major
393 3888 518 3944 pars
550 3874 863 3944 populorum
896 3882 1139 3927 necatur.

260 3967 397 4024 Post
446 3966 779 4022 consulatum
824 3964 1004 4020 Basilii
1047 3979 1098 4017 ν.
1144 3976 1196 4019 c.
1252 3974 1393 4018 anno
1422 3963 1457 4019 5
1505 3962 1594 4032 (Α.
1622 3961 1770 4031 δη),

178 4061 388 4119 Stuzas
415 4068 676 4128 tyrannus
711 4056 948 4127 gentium
976 4053 1316 4110 multitudine
1346 4051 1590 4106 ordinata
1617 4052 1777 4107 Solo-

176 4151 343 4213 ιιιοηί
373 4149 630 4219 magistro
653 4146 859 4202 militiae
884 4154 938 4201 et
966 4144 1191 4213 patricio
1229 4142 1429 4198 Africa:
1472 4140 1777 4213 Educique

179 4244 454 4301 Romana:
478 4239 685 4297 militiae
705 4238 929 4295 ducibus
954 4236 1093 4292 Cilio
1113 4235 1349 4290 occurrit
1374 4252 1388 4288 :
1418 4233 1504 4288 ubi
1524 4246 1774 4303 congres-

182 4338 355 4393 sione
382 4334 546 4400 facta,
580 4331 811 4403 peccatis
839 4329 1053 4395 Atriam,
1100 4328 1354 4384 Romanae
1396 4324 1604 4395 reipuh.
1635 4324 1776 4382 mili-

180 4431 263 4489 tia
297 4436 601 4498 superatur,
630 4425 887 4483 Solomon
918 4422 1216 4492 utriusque.

1879 3422 1962 3463 na:
2013 3405 2244 3463 civitatis
2285 3408 2635 3478 episcopum,
2687 3406 3103 3465 obtrectatorem
3153 3407 3466 3463 earumdem

1884 3498 2045 3553 trium
2072 3498 2341 3569 Cupitum,
2374 3499 2718 3555 condemnat.

1954 3592 2235 3649 Theodore
2288 3594 2526 3665 Augusta
2581 3591 3041 3650 Chalcedonensis
3105 3592 3299 3666 synodi
3358 3592 3463 3649 ini-

1886 3687 2025 3742 mica
2052 3687 2295 3744 canceris
2321 3688 2476 3759 plaga
2500 3700 2729 3759 corpore
2758 3695 2871 3744 toto
2893 3687 3133 3760 perfusa,
3155 3685 3319 3742 vitam
3345 3699 3468 3757 pro-

1884 3778 2091 3852 digiose
2122 3780 2309 3836 ﬁnivit.
3134 3790 3143 3795 '

1955 3874 2084 3929 Post
2109 3874 2445 3931 consulatum
2478 3854 2657 3930 Basilii
2685 3888 2739 3929 v.
2770 3889 2823 3930 c.
2851 3886 2991 3929 anno
3034 3871 3164 3929 l0”
3190 3870 3277 3943 (Α.
3310 3868 3463 3941 550),

1882 3962 2122 4022 Africani
2174 3966 2442 4023 antistites
2496 3966 2751 4040 Vigiliutn
2804 3966 3106 4021 Romanum
3158 3966 3471 4035 episcopum

1883 4058 2250 4114 damnatorem
2279 4060 2438 4114 trium
2460 4059 2832 4128 Capitulorum
2860 4056 3198 4129 synodaliter
3221 4073 3251 4111 a
3284 4054 3470 4112 catho-

1885 4147 1987 4201 lica
2017 4150 2422 4217 communione,
2456 4158 2735 4205 reservato
2761 4150 2815 4204 ei
2849 4147 3183 4218 paenitentia:
3212 4148 3354 4214 loco,
3384 4161 3472 4201 rc-

1882 4238 2124 4308 cludunt,
2155 4248 2210 4295 et
2238 4256 2335 4309 pro
2366 4240 2679 4296 defensione
2708 4248 3131 4294 memoratarum
3165 4239 3323 4293 trium
3364 4236 3467 4292 Ca-

1883 4330 2174 4398 pitulorutn
2216 4329 2425 4391 litteras
2469 4332 2601 4387 satis
2646 4329 2868 4386 idoneas
2898 4328 3205 4383 Justiuiano
3245 4324 3473 4405 principi

1886 4432 1981 4490 per
2022 4418 2327 4491 Olympium
2374 4421 2780 4491 magistrianum
2819 4418 3054 4475 mittunt.
3106 4417 3187 4474 Eo
3227 4426 3472 4489 tempore

260 4592 295 4624 ι
320 4580 508 4652 Thiudi
538 4589 759 4648 mortuo,
811 4575 1141 4636 Thiudisolus
1191 4574 1389 4634 Gothos
1426 4578 1558 4651 regis
1580 4591 1709 4635 ann.
1736 4579 1764 4638 1
1793 4573 1847 4641 D
1941 4578 1971 4619 δ
1996 4577 2191 4645 Tudise
2225 4588 2448 4649 mortuo,
2479 4578 2634 4652 Agite
2656 4574 2857 4634 Gothos
2900 4576 3033 4648 regit
3069 4589 3193 4631 anu.
3241 4575 3277 4634 5
3304 4587 3464 4631 mens.

180 4671 360 4715 mens.
386 4653 440 4707 7.
466 4651 664 4710 SCHOL.

270 4816 292 4851 ι
316 4817 389 4872 ita
425 4824 574 4892 recte
611 4813 867 4892 Scaligeri
896 4812 1060 4871 editio
1086 4813 1138 4869 in
1167 4813 1329 4872 Thes.
1363 4821 1529 4889 temp.
1556 4832 1678 4892 pag.
1710 4818 1766 4876 9.

177 4890 311 4954 AL,
336 4888 496 4954 male,
529 4885 709 4954 Cypri.

266 4962 289 4993 ²
317 4958 632 5029 llujusmodi
661 4957 841 5028 Vigilii
875 4956 1156 5085 epistolam
1188 4956 1275 5040 hic
1308 4956 1445 5013 haud
1479 4960 1660 5041 paucis
1684 4974 1773 5018 er-

266 5031 331 5085 tis
378 5029 629 5085 foedatam
668 5040 825 5085 atque
876 5046 903 5083 a
932 5029 1069 5084 tcubt
1120 5029 1382 5085 mutilam.
1439 5045 1503 5085 ex
1548 5029 1773 5085 Liberali

179 5031 331 5089 ratis
378 5029 825 5099 foedatamatque
876 5028 1069 5085 alicubi
1120 5029 1382 5095 mutilam,
1439 5045 1503 5085 ex
1548 5029 1773 5086 Liberali

178 5103 427 5159 Breriar.
456 5116 574 5171 cap.
596 5098 669 5154 22
694 5098 1087 5171 reformandam
1110 5100 1379 5155 duximus.

265 5171 294 5206 ⁸
316 5169 549 5229 Liberet.
577 5173 763 5241 quia...
803 5180 1025 5242 antea...
1050 5169 1160 5242 Deo
1198 5173 1495 5241 adjuvante.
1526 5170 1615 5227 Sic
1642 5171 1773 5242 legit

178 5255 243 5303 ct
272 5243 529 5298 liaronius
556 5240 622 5297 ad
648 5258 773 5299 ann.
802 5242 925 5307 558,
945 5241 972 5312 §
994 5243 1080 5307 ii,
1113 5240 1199 5296 ubi
1219 5240 1461 5300 eamdem
1487 5240 1767 5313 epistulari)

178 5332 258 5373 ex
298 5313 548 5369 Liberato
568 5314 891 5384 descriptam
922 5313 1110 5368 refert.

267 5384 441 5439 ‘ilaec
487 5400 592 5456 non
622 5386 866 5456 agnoscit
910 5384 1212 5456 Liberatus,
1263 5398 1439 5456 neque
1486 5386 1767 5443 Baronius.

178 5456 333 5527 Mur
350 5470 476 5527 vero
498 5454 755 5527 Liberet"
789 5458 904 5527 fecit
932 5455 1156 5526 impleri,
1180 5454 1313 5523 quod
1341 5456 1667 5527 fraternitati.

268 5528 293 5557 ⁵
316 5525 573 5598 L_iberat.,
609 5525 930 5598 Salunergo
957 5542 1041 5582 vos
1070 5526 1233 5598 gratia
1271 5542 1386 5596 qua:
1413 5542 1502 5580 nos
1535 5526 1640 5581 Deo
1680 5542 1773 5580 no-

176 5606 307 5657 stro
320 5595 529 5669 Christo
553 5596 811 5669 Saluatori
830 5595 1083 5669 conjung.
1099 5595 1290 5667 Neque
1309 5598 1469 5652 aliter
1492 5598 1767 5654 Baronius.

267 5667 573 5739 “Liberam
600 5667 709 5739 Deo
743 5667 1039 5739 adjuvante.
1072 5669 1146 5725 Ita
1172 5679 1228 5724 et
1252 5668 1529 5724 Baronius.

266 5737 575 5811 "_Li_berat.,
606 5737 933 5811 Sciensquia
957 5740 1090 5794 illud
1117 5742 1248 5795 inter
1282 5758 1367 5796 vos
1389 5740 1599 5811 praedic.
1625 5739 1765 5796 Con-

177 5808 335 5871 cinit
360 5809 639 5872 Baronins,
667 5810 761 5864 sed
793 5808 951 5866 habet
982 5812 1112 5866 inter
1141 5827 1255 5868 nos.

266 5880 299 5914 ⁸
318 5878 569 5954 Liberat.,
606 5878 879 5954 Proreetus
904 5882 1020 5954 mei,
1048 5884 1135 5950 qui
1162 5892 1232 5936 est
1265 5894 1441 5946 vester,
1472 5882 1580 5938 Deo
1615 5885 1771 5954 adju-

174 5959 373 6024 vante,
406 5953 641 6011 nuntiare
666 5950 805 6011 vobis
833 5952 1025 6022 gaudia
1055 5957 1304 6015 maturari
1330 5972 1392 6013 ea;
1422 5971 1532 6013 meo
1572 5950 1767 6028 animo,

1880 4652 1938 4706 ‘1.
1970 4652 2047 4709 lu.

1876 4821 2039 4879 sciens
2066 4817 2437 4893 fraternitatem
2469 4824 2709 4883 vestram,
2733 4830 2849 4888 qua:
2875 4814 3082 4886 aptabat
3108 4812 3325 4870 libenter
3362 4827 3472 4868 ant~

1917 4893 2052 4947 lecti.

1878 4910 2233 5020 piﬁcﬁiberat.
2266 4974 2390 5015 cum
2420 4958 2673 5021 Baronio.
2716 4957 2892 5013 nullus
2921 4964 3192 5029 agnoscat.
3232 4956 3298 5012 Et
3325 4964 3471 5013 recte

1881 5036 2125 5107 quidem,
2154 5040 2412 5107 contextu
2443 5029 2494 5107 id
2524 5030 2853 5107 postulante.

1958 5107 1999 5137 ¹⁰
2024 5097 2284 5168 Liberat.,
2313 5101 2563 5156 existimet
2587 5102 2789 5156 habere.
2820 5103 2911 5158 Sic
2938 5113 3154 5171 quoque
3182 5097 3464 5164 Barouius,

1885 5177 1973 5248 qui
2008 5186 2185 5230 tamen
2217 5173 2375 5241 paulo
2399 5184 2527 5248 ante
2561 5171 2711 5242 legit,
2746 5173 2825 5248 hic
2864 5189 2940 5248 me
2964 5188 3079 5241 sap.
3110 5186 3160 5227 υ.

1950 5248 2273 5311 “Liberat.,
2299 5252 2355 5296 ut
2387 5243 2588 5314 facilius
2630 5245 2819 5314 possint
2862 5244 2970 5297 ltwc
3007 5258 3119 5310 qua:
3162 5242 3291 5314 coepi
3345 5257 3469 5314 ope-

1874 5320 1981 5374 rari
2028 5328 2075 5374 et
2112 5310 2393 5387 perﬁCere.
2422 5310 2809 5387 Nequcfaliter
2850 5314 3132 5387 Baronius,
3180 5311 3286 5369 nisi
3319 5310 3464 5382 quod

1878 5406 1976 5461 pro
2004 5384 2132 5461 coepi
2160 5387 2582 5461 habeteoncepi,
2620 5386 2849 5461 tortasse
2877 5384 3093 5440 melius.

1951 5464 1991 5494 ”
2018 5453 2277 5521 Liberat.,
2311 5457 2463 5511 Orate
2492 5472 2585 5524 pro
2621 5456 2766 5510 nobis
2803 5455 2991 5521 Deum,
3032 5453 3162 5508 mihi
3192 5457 3383 5523 fratres
3413 5454 3467 5507 in

1877 5532 2079 5587 Christo
2109 5531 2327 5586 Domino
2354 5536 2529 5582 nostro
2554 5526 2803 5581 charitate
2824 5526 3109 5599 conjuncti.
3152 5524 3226 5582 lta
3253 5539 3469 5597 quoque

1880 5604 2159 5659 Baronius.

1953 5674 1995 5706 “
2020 5676 2197 5731 Monet
2246 5687 2390 5740 saepe
2433 5669 2681 5725 laudatus
2723 5666 3137 5740 WesSelingius,
3169 5667 3205 5723 l.
3239 5679 3318 5740 c.,g
3340 5681 3462 5740 pag.

1876 5744 2001 5812 155,
2030 5746 2096 5799 ad
2124 5736 2418 5812 margin—em
2461 5742 2743 5797 memorati
2776 5740 2980 5796 codicis
3004 5736 3119 5795 ius.
3157 5740 3270 5794 lucc
3297 5736 3464 5795 fuisse

1875 5817 2125 5870 adnotata
2156 5832 2169 5868 :
2196 5814 2343 5883 .iqiltt
2379 5821 2610 5883 mortuo,
2636 5812 3015 5882 Athanagildus
3050 5813 3135 5880 qui
3164 5812 3354 5865 dudum
3382 5819 3464 5879 ty-

1872 5888 2140 5940 rannidem
2170 5880 2529 5951 assumpsernt,
2570 5880 2861 5955 Gothorum
2888 5900 2977 5938 rea;
3014 5885 3220 5953 efficitur
3242 5899 3259 5939 .'
3284 5888 3464 5955 regnat

1871 5974 1998 6017 ante.
2028 5958 2095 6016 15
2126 5975 2139 6013 ;
2170 5974 2292 6029 qum
2326 5955 2562 6027 Scaliger
2603 5964 2657 6013 et
2684 5951 2935 6013 Cauisius
2966 5951 3215 6015 omisere.
