4010 6358
468 5052 496 5163 ξ

480 5241 493 5340 Ξ

472 5434 484 5523 ἐ

510 389 612 452 959

1639 371 1951 431 VICTORIS
1990 367 2204 428 EPISC.
2244 368 2672 429 TUNUNENSIS

3684 368 3806 424 950

511 522 583 564 vn
607 505 624 537 ⁸
652 501 891 561 Facundi
920 496 1322 558 Hermianensis
1375 490 1629 550 Ecclesia:
1669 489 1910 562 episcopi
1934 486 2100 555 refule
2125 486 2182 547 Α
2203 500 2286 541 nte
2317 485 2489 542 fuerat
2512 484 2855 556 subrogatus.
2885 480 2964 538 lbi
2995 480 3097 537 tria
3119 478 3372 551 sarpel'ata
3393 478 3646 550 Capitula
3665 494 3803 537 cum

512 595 882 668 serezquibus
924 589 1328 648 evidentissime
1374 585 1669 642 declaravit
1707 583 1807 639 tria
1839 580 2097 653 saepefata

513 689 759 761 Capitula
787 689 839 743 in
870 682 1273 757 prmscriptione
1320 680 1444 737 ﬁdei
1476 679 1759 735 catholicae
1788 688 1843 733 et
1886 684 2101 746 aposto-

515 780 636 839 lica:
663 774 1118 835 Chalcedonensis
1144 771 1359 829 concilii
1387 770 1554 827 fuisse
1585 770 1859 826 damnata.

585 874 713 929 Post
735 869 1069 927 consulatum
1093 867 1274 922 Basilii
1294 881 1347 921 v.
1370 880 1422 924 c.
1448 878 1593 920 anno
1616 864 1677 918 11
1701 864 1790 934 (A.
1810 858 1961 931 551),
1991 860 2103 917 Re-

515 974 734 1038 paratus
783 960 1224 1031 archiepiscopus
1282 954 1739 1027 Carthaginiensis
1805 952 2100 1021 Ecclesim,

514 1057 729 1113 Firmus
774 1052 1127 1109 Numidarum
1167 1052 1544 1120 episcoporum
1576 1047 1850 1117 primates,
1900 1053 1955 1099 et
1984 1042 2106 1098 Pri-

517 1147 742 1212 masius,
788 1152 844 1202 et
878 1142 1226 1200 Verecundus
1252 1140 1464 1197 concilii
1492 1137 1845 1194 Binzanteni’
1869 1135 2109 1206 episcopi

518 1254 617 1311 pro
641 1237 766 1294 ﬁdei
796 1250 958 1294 causa
991 1235 1060 1291 ad
1096 1235 1282 1290 urbem
1331 1232 1532 1301 regiam
1557 1228 1800 1299 ejusdem
1842 1234 2110 1297 praecepto

522 1330 781 1402 principis
801 1346 858 1387 e\
870 1337 1116 1386 ocantur.
1140 1325 1500 1397 Apollinarius
1521 1323 1668 1379 Zoilo
1692 1324 1788 1377 tria
1811 1327 2109 1375 memorata

521 1418 780 1491 Capitula
827 1421 1088 1475 damnare
1144 1414 1348 1472 nolenti
1395 1414 1680 1484 episcopus
1730 1410 2111 1468 Alexandrina:

525 1515 787 1572 Ecclesia:
814 1514 1156 1583 subrogatur.

602 1608 733 1663 Post
772 1608 1111 1663 consulatum
1141 1601 1323 1657 Basilii
1364 1615 1415 1657 v.
1457 1614 1506 1655 c.
1553 1614 1695 1655 anno
1737 1599 1807 1654 12
1836 1598 1927 1669 (A.
1960 1596 2113 1665 552),

532 1694 836 1767 Reparatus
858 1696 1290 1766 archiepiscopus
1318 1692 1564 1763 plurimis
1590 1690 1870 1747 calumniis
1897 1690 2116 1760 impeti-

537 1798 628 1847 tus
654 1804 752 1859 pro
781 1803 847 1845 eo
870 1786 1010 1860 quod
1041 1786 1370 1843 damnationi
1410 1784 1567 1841 trium
1606 1783 1972 1853 Capitulorum
2004 1798 2117 1838 me-

2204 576 2615 635 defendentibus
2641 592 2705 632 ea
2726 573 3056 631 damnationi
3086 572 3395 643 subjiciunt,
3418 572 3634 641 sibique
3662 573 3807 642 ipsis
3866 632 3873 639 ,

2206 669 2538 741 pmnitentiae
2587 683 2892 738 regressum
2932 665 3217 737 poenaliter
3260 665 3654 732 intercludunt,
3701 666 3805 721 tali

2206 778 2265 822 se
2294 773 2553 835 perpetuo
2584 763 2923 819 anathemate
2963 762 3380 831 obstringentes,
3425 760 3474 817 si
3502 760 3809 830 aliquando

2210 856 2494 914 absolvere
2535 856 2890 921 tentaverint;
2939 869 3061 926 qua
3105 854 3465 910 damnationis
3510 854 3810 910 sententiae

2208 948 2581 1006 Suhdiderunt.
2611 948 2850 1017 Quorum
2872 946 3107 1003 decretis
3130 945 3380 1004 Rusticus
3404 945 3673 1003 Romanae
3704 948 3809 1003 Ec-

2209 1041 2389 1098 clesia:
2414 1042 2672 1098 diaconus
2714 1049 2769 1097 et
2799 1039 2951 1097 Felix
2999 1039 3288 1096 Guillensis
3324 1040 3653 1097 monasterii
3682 1056 3811 1110 pro-

2211 1133 2400 1191 vincia:
2448 1133 2710 1190 Africanae
2747 1132 3079 1203 hegumenus
3118 1132 3557 1189 contradicentes
3601 1132 3810 1201 scripto

2212 1227 2484 1283 Thebaida
2533 1227 2588 1282 in
2635 1225 2881 1281 exsilium
2924 1240 3048 1282 cum
3087 1225 3202 1281 suis
3231 1226 3393 1281 sociis
3422 1226 3808 1282 transmittun-

2214 1327 2320 1376 tur.
2367 1317 2462 1374 His
2493 1318 2674 1385 itaque
2704 1318 2869 1388 gestis
2911 1326 3249 1374 terracmotus
3277 1318 3468 1375 urbem
3513 1320 3733 1389 regiam
3776 1336 3806 1376 a

2214 1410 2577 1468 fundamentis
2602 1411 2918 1467 concutiens
2941 1409 3167 1465 aedificia
3195 1411 3425 1481 plurima
3450 1413 3805 1483 porticusque

2215 1504 2431 1574 dejecit,
2459 1514 2513 1559 et
2541 1503 2779 1561 basilicis
2816 1503 3232 1561 consistentibus
3265 1502 3460 1560 altaria
3505 1519 3660 1575 pene
3685 1520 3809 1562 cuu-

2216 1607 2303 1656 cta
2330 1597 2641 1669 prostravit.

2289 1692 2420 1749 Post
2459 1691 2796 1749 consulatum
2836 1691 3019 1748 Basilii
3065 1707 3119 1747 v.
3163 1706 3214 1748 c.
3247 1706 3389 1748 anno
3431 1691 3625 1763 14(Δ.
3663 1692 3807 1762 551),

2220 1787 2511 1844 Frontinus
2536 1788 2822 1857 episcopus
2850 1785 2919 1841 ad
2949 1785 3139 1842 urbem
3166 1786 3367 1857 regiam
3403 1796 3699 1853 evocatus,
3722 1800 3811 1856 pro

534 1894 864 1941 moratorum
910 1898 1193 1941 assensum
1236 1896 1345 1938 non
1386 1880 1633 1951 praebuit,
1668 1878 1849 1933 officio
1888 1875 2113 1947 sumpti-
2141 1876 2532 1941 Bdefensione
2596 1878 2756 1935 trium
2815 1878 3128 1935 eorumdem
3178 1876 3556 1949 Capitulorum
3624 1880 3809 1932 Anno-

526 1978 738 2049 basque
774 1978 1036 2049 privatus,
1068 1974 1321 2047 Eucayda
1349 1974 1539 2030 exsilio
1566 1972 1864 2043 relegatur;
1897 1980 1952 2027 et
1997 1970 2112 2025 Pri-

527 2071 731 2128 masius
757 2070 1017 2126 diaconus
1047 2067 1426 2139 apocrisiarius
1475 2066 1612 2136 ejus,
1642 2072 1928 2136 pOStquam
1956 2064 2111 2120 dam-

526 2168 675 2221 navit
699 2179 819 2235 qute
868 2172 997 2221 sunt
1040 2162 1372 2234 synodaliter
1409 2170 1569 2232 atque
1610 2160 1989 2217 universaliter
2014 2160 2113 2217 de-

528 2256 757 2324 fensata,
808 2270 876 2313 eo
920 2256 1231 2327 superstite,
1279 2264 1465 2310 contra
1503 2262 1627 2310 vota
1674 2253 1804 2310 cieri
1848 2252 2116 2324 simulque

528 2356 585 2406 et
613 2348 817 2420 populi,
865 2348 1152 2418 episcopus
1190 2344 1646 2417 Carthaginiensis
1674 2343 1929 2401 Ecclesiae
1970 2343 2116 2402 ordi-

531 2453 711 2499 natur.
754 2474 761 2481 -

605 2532 822 2589 Firmus
850 2532 1065 2589 concilii
1109 2532 1372 2589 Numidia:
1415 2532 1616 2602 primas
1654 2530 1812 2588 donis
1857 2531 2117 2603 principis

532 2634 817 2695 corruptus
862 2624 1193 2681 damnationi
1238 2624 1553 2681 earumdem
1593 2624 1969 2695 Capitulorum
2018 2639 2116 2682 as-

530 2728 754 2774 sensum
797 2717 1047 2787 prrebuit.
1089 2716 1199 2775 Sed
1240 2716 1308 2773 ad
1341 2716 1555 2787 propria
1602 2730 1854 2772 remeans
1898 2716 1955 2772 in
1992 2718 2117 2773 navi

446 2830 449 2833 ·
532 2816 709 2866 morte
746 2809 1050 2879 turpissima
1082 2810 1260 2881 periit.
1293 2809 1586 2866 Primasius
1611 2825 1823 2881 quoque
1860 2812 2115 2881 Aquime-

532 2902 705 2960 tensis
762 2904 1093 2958 monasterio
1142 2902 1431 2973 relegatus.
1488 2902 1595 2958 Sed
1652 2902 1839 2958 Boetio
1888 2904 2118 2974 primate

534 2992 837 3064 Byzanceni
865 3002 1037 3051 morte
1064 3004 1358 3065 praevento,
1386 3003 1443 3051 ut
1468 2994 1521 3050 ei
1544 2994 1879 3065 succederet,
1912 3011 2117 3053 memo-

538 3092 674 3142 ratae
707 3084 1038 3142 damnationi
1077 3086 1320 3155 protinus
1358 3086 1610 3154 assensit,
1661 3100 2019 3157 reversusque
2048 3088 2116 3143 ad

535 3192 656 3245 sua,
688 3194 807 3249 qure
834 3179 984 3250 prius
1011 3179 1358 3247 defendebat,
1394 3177 1742 3236 validissimis
1785 3181 2116 3250 persecutio-

2217 1973 2438 2031 chensi'
2470 1971 2655 2043 primze
2683 1970 2967 2028 Thebaicae
2995 1970 3230 2027 civitatis
3255 1968 3453 2026 exsilio
3481 1968 3809 2040 deputatur:

2216 2078 2271 2128 et
2310 2083 2408 2139 pro
2454 2083 2521 2125 co
2550 2066 2619 2123 ab
2666 2065 2935 2124 haereticis
2973 2065 3168 2123 Petrus
3212 2064 3500 2122 Saloncnsi
3556 2062 3810 2119 Ecclesia

2218 2161 2519 2219 ordinatur.

2294 2250 2701 2309 Proconsularis
2737 2247 2953 2307 concilii
2993 2247 3284 2320 provinciae
3312 2246 3598 2304 Africana:
3646 2261 3810 2303 sacer-

2218 2346 2392 2416 dotes,
2424 2345 2602 2402 Ruﬁni
2633 2354 2689 2401 et
2727 2342 2850 2400 Vini
2885 2343 3287 2414 episcoporum,
3337 2340 3609 2412 Reparati
3639 2341 3803 2396 archi-

2217 2440 2457 2511 episcopi
2486 2440 2908 2507 obtrectatorum
2958 2446 3075 2494 arte
3122 2437 3296 2493 delusi
3341 2446 3607 2508 tanquam
3635 2436 3797 2492 deleo.

2218 2534 2432 2590 soribus
2456 2532 2601 2599 iﬁdei
2640 2538 2951 2600 occurrunt,
2998 2539 3054 2587 et
3091 2529 3336 2586 Primasii
3379 2532 3798 2600 praevaricatoris

2218 2623 2561 2695 Carthaginis
2592 2624 2856 2682 Ecclesiae
2883 2622 3285 2689 communione,
3329 2631 3535 2692 praeter
3569 2623 3807 2695 paucissi-

2220 2732 2359 2787 mos,
2391 2717 2665 2788 polluant.

2290 2812 2483 2868 Dacius
2509 2810 2925 2868 Mediolanensis
2952 2808 3238 2880 episcopus
3276 2808 3804 2879 Constantinopolim

2219 2901 2386 2969 venit,
2435 2909 2489 2957 et
2513 2899 2844 2957 damnationi
2893 2899 3208 2957 eorumdem
3240 2899 3399 2957 trium
3430 2898 3803 2970 Capitulorum

2218 2993 2568 3051 consentiens
2595 3008 2662 3050 eo
2691 2992 2779 3050 die
2809 3008 3099 3065 percussus
3129 2992 3388 3050 occubuit.

2229 3097 2250 3126 τ
2292 3087 2490 3144 Narses
2530 3085 2806 3143 eunuchus
2847 3102 2914 3142 ex
2944 3086 3235 3157 praeposito
3284 3084 3528 3156 patricius
3566 3085 3812 3142 Totilam

2222 3178 2522 3236 Gothorum
2548 3194 2729 3251 regem
2752 3179 2941 3249 proelio
2966 3178 3108 3249 apud
3132 3177 3340 3233 italiam
3371 3176 3694 3232 mirabiliter
3722 3191 3811 3233 su-

536 3271 696 3328 nihus
751 3271 1125 3343 impugnavit,
1184 3272 1539 3344 ﬁdelibusque
1600 3273 1896 3330 calumnias
1952 3289 2115 3345 gene—
2142 3264 2192 3332 ο
2227 3286 2378 3347 perat
2404 3289 2466 3330 ac
2496 3273 2729 3344 perimit,
2757 3281 2813 3329 et
2834 3287 3025 3329 omnes
3053 3271 3172 3342 ejus
3197 3270 3415 3327 divitias
3449 3269 3611 3326 tollit.

536 3364 731 3433 rando,
759 3380 1053 3437 eorumque
1080 3365 1410 3423 substantias
1440 3367 1753 3423 auferendo.
1782 3366 1890 3423 Sed
1923 3368 1975 3423 in
1999 3368 2120 3438 qui-

537 3458 641 3515 bus
664 3459 928 3530 peccavit,
961 3459 1126 3515 latere
1157 3475 1265 3515 non
1292 3461 1482 3531 potuit.
1516 3460 1792 3532 Siquidem
1836 3472 2119 3534 postquam

538 3563 570 3604 a
598 3549 881 3607 catholicis
909 3548 991 3606 sui
1015 3551 1229 3607 concilii
1262 3552 1594 3608 antistitibus
1635 3568 1732 3623 pro
1768 3554 1877 3610 suis
1912 3569 2120 3624 prama-

538 3640 892 3699 ricationibus
919 3642 1331 3712 condemnatus,
1382 3644 1584 3701 infelici
1611 3654 1786 3701 morte
1826 3648 2123 3719 exstingui-

542 3742 660 3801 tur;
688 3743 741 3791 et
768 3750 888 3806 quae
907 3737 1273 3806 conquisierat
1298 3736 1503 3805 fraude,
1535 3738 1763 3795 fideliter
1794 3754 1823 3793 a
1849 3741 2121 3809 iudicibus

502 3821 513 3831 ’
541 3826 877 3883 auferuntur.
912 3828 1257 3885 Verecundus
1284 3844 1414 3886 vero
1438 3829 1696 3887 Ecclesize
1733 3831 1976 3890 Nicensis
2002 3835 2121 3905 epi-

543 3931 761 3987 scopus,
792 3916 846 3974 in
872 3917 1182 3976 defensione
1220 3933 1641 3977 memoratarum
1688 3923 1986 3993 perdurans
2023 3924 2124 3981 Ca-

546 4007 856 4080 pitulorum,
891 4008 1230 4068 Chalcedone
1254 4013 1386 4068 urbe
1409 4014 1499 4070 ubi
1523 4014 1783 4086 refugium
1816 4015 2036 4086 fecerat,
2066 4017 2124 4074 in

546 4095 844 4159 diversorio
867 4101 1117 4173 gloriosa:
1168 4105 1353 4160 matris
1375 4105 1395 4138 ³
1438 4105 1752 4176 Ευρὶλθηιὶω
1781 4108 1847 4164 de
1886 4108 1985 4166 hac
2014 4111 2123 4166 vita

546 4190 796 4262 migravit
842 4192 910 4248 ad
948 4192 1250 4250 Dominum.
1300 4196 1564 4254 Macarius
1610 4198 2127 4271 llierosolymitanus

544 4284 828 4357 episcopus
851 4284 1085 4357 ejicitur,
1128 4297 1184 4344 et
1208 4302 1274 4345 eo
1303 4290 1947 4362 superstiteEustochius
1978 4290 2127 4348 ordi-

544 4382 727 4434 natur.

616 4470 749 4525 Post
784 4471 1121 4527 consulatum
1171 4470 1351 4528 Basilii
1395 4486 1449 4528 v.
1492 4486 1543 4530 c.
1596 4488 1685 4529 an.
1738 4473 1805 4528 15
1834 4474 1929 4545 (A.
1977 4474 2129 4546 553),

546 4558 1066 4633 Constantinopolim
1108 4565 1349 4636 synodus
1373 4565 1659 4623 Justiniani
1701 4569 1961 4638 principis
1988 4583 2130 4639 prae-

2296 3370 2428 3426 Post
2456 3368 2797 3424 consulatum
2832 3366 3016 3422 Basilii
3064 3380 3118 3419 v.
3162 3372 3233 3420 c.‘
3263 3378 3405 3419 anno
3450 3363 3519 3420 15
3548 3363 3642 3432 (Δ.
3665 3363 3811 3432 555),

2226 3460 2443 3518 concilii
2473 3457 2735 3515 Numidiae
2765 3457 3008 3528 episcopi
3041 3455 3110 3511 ad
3148 3454 3319 3511 instar
3347 3455 3812 3525 proconsularium

2226 3552 2567 3610 sacerdotum
2610 3549 2823 3606 collecti
2867 3547 3247 3619 Carthaginem
3287 3548 3547 3617 veniunt,
3611 3556 3669 3602 et
3703 3546 3811 3601 Pri.

2225 3645 2380 3702 masii
2436 3644 2678 3715 ejusdem
2728 3642 2985 3698 Ecclesia:
3041 3641 3375 3699 incubatoris
3428 3641 3811 3698 communione

2226 3739 2447 3811 polluti,
2502 3738 3054 3810 prmvaricatoresquc
3112 3735 3288 3792 effecti
3344 3736 3413 3791 ad
3471 3736 3695 3807 propria
3738 3750 3814 3791 re-

2226 3834 2411 3891 deunL

2301 3927 2479 3982 Victor
2503 3925 2846 3981 Tununensis
2874 3925 3131 3982 Ecclesize
3174 3925 3485 3994 episcOpus,
3530 3924 3700 3996 hujus
3726 3938 3807 3977 au-

2227 4026 2343 4072 ctor
2372 4016 2573 4087 operis,
2606 4025 2727 4086 post
2748 4015 3019 4072 custodias
3047 4016 3311 4087 simulque
3345 4024 3399 4071 et
3441 4013 3653 4085 plagas,
3688 4027 3813 4084 quas

2227 4108 2352 4165 Sala
2374 4118 2428 4165 et
2456 4108 2715 4165 Valericis
2754 4123 3060 4179 perpessus,
3106 4123 3207 4164 nec
3247 4123 3353 4163 non
3383 4106 3437 4162 in
3476 4107 3808 4163 monasterio

2229 4201 2297 4258 de
2326 4201 2544 4257 Mandra
2572 4203 2592 4233 ⁷
2624 4201 2794 4270 primo
2834 4216 2897 4256 ac
2923 4200 3159 4257 secundo
3205 4198 3402 4255 exsilio
3452 4198 3557 4269 Egi
3597 4196 3814 4254 Haurit:

2230 4293 2331 4349 nite
2377 4292 2587 4360 insulae,
2630 4294 2787 4349 tertio
2830 4290 3192 4348 Alexandrino
3229 4306 3332 4347 una
3363 4304 3489 4346 cum
3530 4289 3808 4345 Theodoro

2231 4385 2659 4443 Cebarsusitanre
2697 4385 2950 4441 Ecclesiae
2988 4385 3263 4455 episcopo,
3317 4396 3415 4453 pro
3465 4380 3807 4452 prafatorum

2235 4478 2394 4535 trium
2442 4475 2811 4547 Capitulorum
2864 4473 3177 4533 defensione
3226 4472 3418 4531 exsilio
3464 4474 3729 4541 mittitur,
3771 4484 3817 4529 et

2235 4572 2438 4629 carceri
2466 4571 2671 4627 castelli
2700 4569 3024 4626 Dioclesiani
3049 4577 3171 4642 post
3213 4568 3605 4640 praetorianum
3639 4582 3821 4625 carce-

546 4661 705 4722 cepto
742 4653 1009 4726 colligitur
1042 4672 1055 4710 :
1084 4656 1169 4711 cui
1200 4657 1457 4725 praesules
1486 4658 1695 4715 aedium
1718 4658 1943 4716 aderant
1981 4661 2126 4732 Vigi-
2159 4648 2212 4709 D
2235 4680 2351 4723 rem
2378 4663 2630 4720 truditur.
2660 4662 3010 4721 Antiochense
3051 4660 3365 4718 Anastasius
3397 4660 3680 4718 Domnino
3718 4674 3827 4718 suc-

547 4742 653 4800 lius
686 4741 959 4803 Romanus
984 4746 1292 4819 episcopus,
1332 4751 1621 4818 superstite
1650 4748 1880 4805 Silverio
1910 4751 2128 4809 ordina-

548 4842 665 4905 tus;
706 4839 1064 4911 Apollinarius
1110 4841 1525 4907 Alexandrinus,
1569 4840 1724 4895 Zoile
1754 4841 1970 4899 vivente
2008 4859 2131 4913 pro-

548 4939 761 4999 motus;
795 4932 1160 4990 Antiochenus
1205 4930 1527 4999 Dominus‘;
1574 4930 1967 5003 Eustochius",
2013 4936 2129 4992 Ma-

548 5025 699 5081 cario
735 5031 945 5081 remoto
984 5024 1475 5095 Hierosolymitano
1519 5024 1793 5095 episcopo,
1842 5028 2130 5098 episcopus

2236 4757 2379 4814 cedit
2409 4757 2717 4827 episcopus.

2310 4848 2440 4904 Post
2484 4846 2820 4903 consulatum
2864 4845 3051 4901 Basilii
3094 4860 3147 4900 v.
3183 4858 3233 4901 c.
3286 4858 3427 4900 anno
3456 4841 3524 4896 lG
3556 4843 3654 4913 (Α.
3688 4841 3831 4912 556).

2241 4942 2516 4999 Primosus
2536 4941 2559 4972 ⁸
2584 4939 3041 5011 Carthaginiensis
3087 4938 3371 4995 incubator
3400 4936 3697 5005 Ecclesia},
3744 4932 3834 4989 sibi

2241 5034 2485 5089 nolentes
2514 5046 2791 5088 assensum
2821 5032 3067 5101 praebere
3105 5044 3249 5087 nunc
3278 5028 3536 5097 qutihus,
3565 5043 3725 5086 nunc
3745 5042 3836 5083 cu-

549 5117 754 5187 factus;
802 5127 858 5175 et
886 5118 1181 5191 Eutychius
1209 5117 1859 5189 Constantinopolitanus,
1902 5123 1993 5193 qui
2022 5123 2135 5180 Me-
2241 5123 2451 5193 stodiis,
2479 5138 2621 5179 nunc
2645 5137 2857 5194 quoque
2883 5122 3094 5180 exsiliis
3120 5121 3329 5194 afﬂigit.

626 5280 644 5311 ⁸
691 5276 1041 5360 Subintellige
1070 5292 1144 5333 vn
1183 5276 1323 5334 libri.
1376 5277 1441 5332 Et
1488 5292 1614 5335 mox
1640 5279 1923 5349 legendum
1965 5282 2126 5347 forte,

552 5351 605 5405 in
634 5351 1021 5420 proscriptione.

626 5423 645 5452 ’
670 5420 943 5476 Busaceni.
979 5419 1115 5476 Sc“.

626 5437 645 5452 -
670 5437 943 5490 nysacem.
979 5437 1138 5476 non.

626 5490 1095 5547 'liescribcndum
1151 5494 1389 5562 martyris
1436 5491 1556 5559 jure
1604 5502 1786 5547 monet
1832 5491 2129 5549 Cotelcrius

556 5563 703 5618 Eccl.
736 5562 827 5617 Gr.
863 5562 1095 5617 Monum.
1124 5572 1254 5618 tom.
1291 5564 1353 5629 ll,
1380 5578 1499 5631 pag.
1534 5562 1657 5616 60!}.

628 5633 649 5661 ⁸
676 5633 904 5687 Domni“
931 5634 1063 5687 alias
1091 5634 1394 5686 Domniuus.
1424 5634 1585 5687 SCAL.
1610 5662 1679 5704 ξ-
1704 5633 1985 5703 Superius,
2013 5643 2130 5704 post

558 5706 894 5761 consulatum
919 5705 1093 5760 Basilii
1126 5718 1249 5757 ann.
1281 5705 1313 5758 8
1344 5714 1563 5758 vocatur
1592 5703 1847 5759 Doninus.

630 5777 650 5806 ⁵
676 5773 940 5828 Eutocius.
969 5774 1043 5828 In.

631 5848 651 5877 ⁸
670 5846 986 5897 Autinoeusi.
1013 5845 1087 5899 In.

634 5917 651 5944 ⁷
677 5913 1077 5982 Wesselingius,
1107 5916 1141 5968 l.
1181 5932 1252 5982 c.,
1292 5930 1405 5986 pag.
1446 5916 1565 5969 ibi.
1620 5916 1741 5974 llcc
1770 5917 2007 5989 quidem,
2043 5920 2125 5973 in-

2236 5281 2373 5350 quit,
2402 5297 2533 5337 sana
2573 5293 2628 5339 et
2654 5282 2780 5337 boni
2806 5281 3006 5336 coloris
3031 5279 3203 5336 videri
3246 5286 3487 5347 possent,
3540 5280 3600 5334 ni
3648 5282 3713 5336 in
3744 5296 3837 5334 ms.

2238 5355 2299 5408 de
2324 5353 2688 5408 Mandracium
2729 5354 2947 5409 inesset.
2980 5350 3343 5405 Mandracium
3374 5359 3567 5419 portus
3599 5360 3728 5405 erat
3760 5368 3842 5404 ur-

2240 5422 2322 5479 bis
2345 5423 2822 5495 Carthaginiensis,
2845 5434 2982 5479 teste
3004 5422 3284 5495 Procopio,
3311 5421 3407 5495 lih.
3419 5436 3439 5495 μ
3465 5421 3608 5495 Bell._
3636 5421 3795 5495 Vand
3810 5463 3839 5479 ..

2241 5496 2469 5565 cap.|20.
2490 5493 2657 5552 Porro
2687 5496 2846 5551 tradit
2872 5495 3011 5550 idem
3039 5494 3353 5562 Procopius,
3379 5493 3471 5547 lib.
3497 5508 3549 5545 v1
3580 5493 3651 5546 de
3676 5493 3835 5565 didii.

2241 5564 2463 5630 Justin.,
2513 5584 2633 5634 cap.
2677 5566 2731 5633 5,
2788 5581 2952 5635 prope
2996 5566 3136 5619 hunc
3190 5574 3399 5633 portum
3445 5564 3839 5635 monasterium

2240 5637 2546 5692 CﬂnditliSSC
2570 5634 2926 5693 Justinianum
2973 5636 3372 5704 imperatorem,
3420 5634 3561 5703 quod
3615 5645 3673 5686 ct
3720 5635 3839 5687 inde

2244 5707 2536 5763 Mamfracii
2567 5724 2864 5777 cognomen
2896 5707 3045 5760 duxit
3073 5725 3085 5757 :
3113 5705 3376 5777 ἐδεὶματο
3405 5705 3544 5777 esse
3580 5708 3837 5773 μονπσττὲ-

2237 5800 2346 5867 θεον
2390 5788 2476 5834 τοῦ
2501 5775 2789 5865 ’περι-ϐάλῃ
2821 5778 2955 5866 ξντὸς
2992 5775 3428 5864 -ἐπιοςιλαάσίδιον,
3459 5775 3703 5847 ἄγχιστα
3750 5780 3837 5829 τοῦ

2328 5872 2451 5901 ενοτ.
2482 5874 2604 5901 οπείι
2636 5871 2949 5901 Μανοοακιον
2983 5871 3339 5901 (λνοιιαιονσιν.

2240 5853 2451 5922 λιμένος,
2482 5853 2604 5925 ὅπερ
2636 5853 2949 5922 Μανδράκιον
2983 5853 3339 5917 ὀνομάζουσιν.

2310 5924 2329 5953 ⁸
2352 5923 2424 5977 ltu
2454 5922 2582 5978 edit.
2615 5920 2818 5990 Scalig.
2848 5923 2927 5975 An
2966 5918 3270 5983 l’riuutsins‘,
3300 5930 3353 5974 ut
3381 5918 3535 5988 paulo
3563 5917 3727 5973 ante?
