4010 6358
210 338 311 400 961

1653 318 2065 404 cunoutcoN.

3376 340 3489 407 962

287 462 466 519 Victor
491 468 548 520 et
582 458 916 520 Theodosius
939 458 1159 519 antelati
1191 459 1431 531 episcopi
1458 458 1703 516 Africani
1728 460 1797 518 de
1824 464 1879 525 Α
1976 456 2310 515 Eustochius
2357 454 2876 531 Hierosolymitanus
2921 458 3224 532 episcopus,
3256 461 3346 533 qui
3370 459 3489 518 fue-

206 570 430 615 earcere
457 555 782 629 ejiciuntur;
811 564 864 613 et
890 563 1014 627 post
1042 554 1432 625 disputationes
1459 554 1513 609 in
1537 554 1792 625 praetorio

142 650 151 657 ’
213 650 496 709 continuas
531 649 739 706 dierum
766 648 835 706 15
859 648 929 706 ad
963 647 1124 705 aliam
1152 644 1451 704 custodiam
1482 644 1796 702 monasterii

211 742 754 812 Tahenensiotarum,
779 740 922 813 quod
943 749 1027 798 cst
1063 740 1204 812 apud
1235 738 1512 810 Canopum
1540 736 1612 795 12
1635 735 1803 795 milli-

210 834 314 891 bus
341 834 408 891 ab
434 832 567 891 urbe
597 833 961 891 Alexandrina
986 833 1297 891 mittuntur.
1365 847 1374 857 ·

284 929 413 985 Post
458 928 794 986 consulatum
835 928 1019 986 Basilii
1049 945 1101 985 v.
1151 941 1202 985 c.
1249 941 1392 983 anno
1427 926 1494 982 17
1522 925 1613 997 (A.
1644 924 1798 996 557),

218 1020 445 1091 Vigilius
471 1019 745 1078 Romanus
774 1021 830 1079 in
869 1020 1045 1078 insula
1071 1018 1253 1077 Sicilia
1282 1018 1531 1075 moritur.
1559 1017 1638 1073 Eo
1668 1024 1803 1073 tem-

213 1128 349 1185 pore
378 1112 527 1170 Felix
556 1114 889 1186 hegumenus
928 1114 1245 1173 monasterii
1289 1112 1543 1171 Gallitani
1568 1114 1584 1144 ³
1612 1112 1804 1170 exsilio

214 1204 357 1275 apud
380 1205 637 1277 Sinopen,
671 1207 739 1263 de
767 1207 869 1263 hac
898 1208 1006 1263 vita
1039 1205 1291 1279 migravit
1319 1205 1386 1261 ad
1415 1205 1731 1261 Dominum.

288 1317 419 1374 Post
464 1319 801 1376 consulatum
846 1318 1030 1376 Basilii
1070 1334 1123 1374 v.
1162 1332 1213 1375 c.
1256 1332 1399 1374 anno
1436 1318 1504 1373 18
1532 1317 1625 1388 (A.
1652 1315 1802 1389 558),

216 1408 463 1480 Pelagius
484 1408 757 1467 Romanus
791 1409 1224 1476 archidiaconus,
1263 1409 1422 1464 trium
1460 1408 1803 1479 prafatorum

217 1498 476 1557 defensor
522 1500 910 1570 Capitulorum,
955 1499 1243 1557 Justiniani
1288 1500 1546 1571 principis
1586 1512 1807 1570 persua-

220 1591 375 1649 sione
402 1591 471 1648 de
496 1591 689 1649 exsilio
713 1591 882 1660 redit;
905 1600 964 1649 et
982 1592 1348 1649 condemnans
1374 1606 1436 1648 ea
1455 1606 1576 1663 qua
1605 1591 1807 1648 dudum

218 1682 659 1741 constantissime
697 1683 1045 1770 defendebat,
1096 1682 1353 1740 Romana
1399 1681 1658 1767 Ecclesiae
1696 1681 1811 1753 epi-

220 1787 421 1847 scopus
463 1790 497 1833 a
541 1774 1047 1847 pravaricatoribus
1096 1775 1375 1834 ordinatur
1408 1774 1537 1847 :qui
1575 1772 1675 1831 luit
1708 1788 1809 1830 an-

227 1865 313 1922 nis
342 1866 396 1922 5.

297 1957 428 2015 Post
470 1957 810 2015 consulatum
840 1957 1024 2015 Basilii
1060 1971 1115 2013 v.
1157 1969 1209 2015 c.
1261 1970 1403 2014 anno
1439 1956 1506 2014 19
1534 1957 1627 2029 (A.
1656 1954 1810 2029 559),

231 2047 524 2119 Illyriciani
551 2049 815 2120 episcOpi,
836 2057 1031 2120 prater
1053 2062 1216 2120 parva
1243 2037 1568 2106 monasteria
1596 2061 1816 2121 parvos-

226 2154 333 2209 que
361 2139 569 2209 lideles,
600 2142 1001 2211 persecutiones
1042 2142 1184 2211 passi
1225 2141 1589 2212 consentiunt,
1630 2128 1814 2211 pristi-

230 2247 355 2289 nam
391 2232 551 2290 fidem
581 2234 636 2291 in
680 2234 890 2291 irritum
916 2234 1265 2291 deducentes.
1292 2234 1373 2290 Eo
1400 2244 1641 2307 tempore
1682 2233 1817 2305 Ugni

231 2327 539 2383 Armeniam
568 2328 888 2398 gravissime
915 2336 1270 2384 vexaverunt.

303 2417 432 2472 Post
457 2418 792 2473 consulatum
818 2418 1003 2475 Basilii
1033 2434 1088 2475 v.
1120 2434 1170 2474 c.
1202 2418 1274 2474 20
1301 2419 1395 2490 (A.
1425 2418 1577 2489 560),
1618 2418 1816 2490 Bulga-

233 2523 324 2566 res
352 2508 639 2566 Thraciam
665 2510 945 2580 invadunt,
974 2518 1031 2567 et
1055 2525 1225 2582 usque
1254 2511 1320 2566 ad
1359 2511 1528 2567 Sucas
1555 2511 1821 2568 Constan-

235 2600 511 2671 tinopolim
558 2603 796 2660 veniunt.
848 2602 1093 2674 Sergium
1137 2603 1439 2674 patricium,
1478 2604 1570 2675 qui
1616 2604 1820 2661 dudum

235 2692 505 2751 Africana
531 2695 705 2752 fuerat
730 2696 839 2752 dux
884 2697 1114 2765 militia,
1145 2698 1363 2768 capiunt
1389 2696 1660 2768 simulque
1703 2697 1821 2754 dis-

237 2787 480 2845 trahunt.
535 2789 643 2846 Sed
670 2790 882 2862 patricii
926 2791 1173 2849 Belisarii
1208 2792 1372 2847 armis
1398 2789 1613 2847 fortiter
1638 2790 1824 2848 debel-

238 2882 354 2951 lati,
388 2882 693 2954 pariterque
718 2883 881 2953 fugati
911 2882 1213 2939 Danubium
1245 2882 1596 2939 transierunt.

310 2974 440 3032 Post
483 2976 821 3033 consulatum
868 2976 1050 3033 Basilii
1082 2992 1138 3034 v.
1184 2991 1235 3034 c.
1278 2991 1423 3033 anno
1448 2979 1516 3034 21
1550 2976 1638 3049 (A.
1671 2975 1825 3049 56l),

239 3079 439 3137 corpus
458 3068 632 3123 sancti
652 3067 876 3124 Antonii
895 3067 1134 3124 eremita
1154 3078 1427 3138 repertum
1448 3083 1571 3125 cum
1592 3069 1827 3125 maximo

240 3155 446 3213 honore
474 3156 854 3213 Alexandriam
886 3158 1219 3229 perducitur,
1256 3168 1312 3216 et
1340 3159 1394 3215 in
1422 3160 1642 3217 basilica
1684 3160 1825 3218 San-

240 3249 313 3307 cti
337 3248 560 3307 Joannis
588 3250 846 3322 Baptista
873 3251 1167 3309 honorifice
1194 3253 1507 3310 collocatur.

313 3342 441 3401 Post
468 3345 807 3402 consulatum
832 3346 1017 3402 Basilii
1040 3361 1094 3402 ν.
1117 3360 1166 3402 c.
1194 3344 1264 3400 22
1296 3346 1385 3419 (A.
1415 3345 1566 3421 562),
1598 3348 1828 3405 Fronti-

244 3436 435 3493 nianus
484 3436 797 3495 Salonensis
834 3438 1121 3511 episcOpus
1167 3438 1234 3496 de
1275 3440 1465 3497 exsilio
1507 3441 1830 3499 Antinoensi

246 3528 516 3600 Ancyram
548 3525 770 3585 Galatia
803 3538 1214 3587 transmutatur.
1243 3530 1434 3588 Petrus
1463 3532 1581 3602 ejus
1608 3515 1830 3590 incuba-

245 3631 333 3680 tor
374 3622 632 3709 Ecclcsia
670 3626 921 3697 moritur,
960 3635 1017 3685 et
1059 3642 1159 3699 pro
1204 3642 1271 3686 eo
1317 3627 1583 3685 Prodinus
1626 3627 1829 3686 substi-

245 3716 431 3774 tuitur.

318 3811 448 3871 Post
486 3817 819 3875 consulatum
861 3818 1046 3877 Basilii
1085 3834 1140 3876 v.
1190 3835 1243 3877 c.
1284 3835 1425 3878 anno
1446 3820 1518 3877 25
1553 3820 1647 3892 (A.
1675 3819 1830 3892 565),

245 3904 542 3978 Reparatus
586 3911 1024 3983 archiepiscopus
1076 3911 1533 3985 Carthaginiensis
1574 3913 1832 3970 Ecclesia

246 3998 441 4054 exsilio
462 3999 601 4067 apud
630 4000 962 4057 Euchaidam
992 4003 1225 4073 gloriosa
1270 4004 1611 4061 confessione
1640 4006 1834 4064 transit

248 4088 318 4144 ad
348 4088 631 4146 Dominum
659 4091 745 4147 die
768 4108 840 4147 vn
869 4093 989 4149 idus
1016 4094 1273 4149 Januarii.

320 4182 401 4239 Eo
422 4198 564 4240 anno
585 4183 918 4241 Justinianus
948 4186 1200 4258 princeps
1245 4188 1450 4258 legatos
1477 4187 1655 4257 gentis
1692 4185 1834 4244 Aba-

250 4289 433 4332 rorum
453 4277 501 4346 ’,
529 4276 669 4334 unde
690 4286 968 4345 venerant,
1001 4277 1218 4335 lacit....

322 4369 481 4425 Anno
528 4369 600 4426 52
655 4370 867 4441 imperii
917 4369 1126 4442 prafati
1184 4371 1437 4441 principis
1504 4370 1833 4440 Iustiniani,

252 4457 499 4530 Pelagius
554 4459 829 4519 Romanus
881 4462 1169 4534 episcopus
1227 4461 1506 4519 ordinatur

255 4565 381 4607 ann.
416 4552 503 4608 11.

328 4709 629 4786 {Superius
648 4711 716 4768 ad
741 4726 941 4769 annum
970 4712 1076 4770 555
1096 4711 1294 4786 legitur
1322 4710 1624 4769 Guillensis.

325 4782 348 4813 ’
367 4781 612 4838 Avarum.
644 4786 863 4843 SCALIG.

331 4849 508 4910 8\lide
550 4856 809 4913 Mansium
858 4857 927 4914 ad
960 4856 1250 4914 Baronium
1301 4861 1438 4912 tom.
1487 4854 1539 4912 Χ
1585 4853 1833 4925 vAnnal.,

1902 561 1987 609 rat
2012 553 2247 610 Macario
2272 552 2559 625 superstite
2585 553 2885 626 ordinatus,
2914 553 3159 627 ejicitur;
3196 564 3253 613 et
3272 569 3489 614 rursum

1902 640 2163 699 Macarius
2190 642 2533 700 reformatur.

1971 739 2133 811 Ἀηηο
2162 754 2232 810 '58
2273 756 2618 828 imperatoris
2664 758 2905 829 ejusdem
2933 758 3025 831 (A.
3054 758 3205 832 564),
3236 757 3492 831 Musicus,

1902 844 2239 915 Brumasius,
2259 848 2497 906 Donatus
2518 858 2571 906 et
2592 850 2922 922 Chrysonius
2938 853 3178 923 episcopi
3200 853 3266 909 de
3288 851 3494 923 Africa,

1903 944 1960 991 et
1988 934 2175 993 Victor
2201 952 2265 993 ac
2292 938 2614 996 Theodorus
2643 942 2930 1014 episcopus
2961 942 3208 999 similiter
3233 958 3298 999 ex
3324 943 3495 1017 Δίες-

1907 1034 2001 1098 pto
2030 1028 2098 1083 ad
2132 1028 2320 1085 urbem
2346 1029 2548 1102 regiam
2582 1031 2848 1102 imperiali
2877 1042 3147 1105 pracepto
3176 1043 3492 1094 evocantur.

1906 1119 2011 1189 Qui
2043 1120 2172 1177 dum
2219 1122 2394 1178 eidem
2435 1125 2744 1181 Justiniano
2774 1127 3001 1198 principi
3039 1137 3334 1199 prasentes
3359 1144 3498 1201 pra:-

1907 1215 2070 1283 senti,
2111 1224 2165 1272 et
2192 1225 2378 1287 postea
2425 1218 2690 1290 Eutychio
2736 1222 2901 1292 regiae
2952 1223 3100 1279 urbis
3129 1225 3383 1297 episcopo
3422 1224 3499 1281 al-

1910 1307 2138 1363 tercanti
2159 1322 2313 1366 novae
2343 1311 2711 1381 superstitioni
2739 1314 3020 1385 resistunt,
3058 1317 3127 1371 ab
3154 1318 3385 1374 invicem
3414 1331 3503 1375 se-

1909 1400 2118 1472 gregati
2146 1417 2241 1473 per
2273 1404 2600 1462 monasteria
2626 1405 2871 1477 ejusdem
2916 1409 3066 1467 urbis
3095 1410 3354 1469 custodia
3378 1412 3501 1468 mit-

1912 1500 2113 1551 tuntur.

1981 1607 2137 1665 Anno
2176 1608 2246 1665 59
2282 1609 2493 1681 imperii
2536 1611 2619 1668 sui
2652 1612 2743 1684 (A.
2787 1612 2917 1686 565)
2964 1614 3293 1674 Justinianus
3334 1616 3504 1689 Euty-

1913 1697 2094 1755 chium
2138 1700 2796 1774 Constantinopolitanum
2840 1708 3156 1778 episcopum
3218 1710 3503 1767 damnato-

1917 1804 2036 1847 rem
2066 1792 2230 1849 trium
2255 1793 2643 1866 Capitulorum,
2674 1804 2729 1852 et
2754 1798 2968 1869 Evagrii
2993 1801 3234 1857 eremita
3261 1802 3501 1870 diaconi,

1838 1860 1892 1925 Β
1917 1898 1982 1941 ac
2010 1884 2223 1957 Didymi
2250 1887 2503 1944 monachi
2531 1895 2584 1944 et
2613 1888 2944 1946 confessoris
2971 1892 3345 1963 Alexandrini,
3371 1908 3509 1964 quo~

1917 1991 2037 2034 rum
2078 1978 2265 2036 laudes
2291 1993 2454 2051 supra
2480 1980 2765 2037 illustrium
2796 1983 3033 2038 virorum
3077 2000 3143 2040 ex
3188 1987 3512 2043 auctoritate

1921 2070 2264 2138 protulimus,
2302 2070 2497 2128 exsilio
2526 2071 2728 2143 dirigit,
2772 2083 2827 2130 et
2852 2088 2949 2145 pro
2978 2089 3044 2131 eo
3065 2075 3325 2133 Joannem
3359 2078 3506 2148 ejus-

1921 2160 2043 2218 dem
2073 2163 2274 2219 erroris
2301 2164 2635 2221 consimilem
2666 2167 2977 2238 episcopum
3010 2165 3157 2224 facit.

1991 2298 2071 2354 Eo
2101 2312 2241 2354 anno
2272 2298 2478 2355 Prasini
2503 2300 2645 2371 apud
2669 2302 2872 2374 regiam
2905 2302 3091 2359 urbem
3120 2302 3277 2359 civile
3308 2302 3512 2361 bellum

1920 2388 2148 2456 faciunt,
2201 2391 2506 2461 multosque
2531 2394 2670 2463 reip.
2699 2395 2846 2450 viros
2890 2394 3067 2464 gladio
3094 2393 3359 2466 frequenti
3386 2409 3519 2453 con~

1922 2486 2207 2555 gressione
2239 2494 2611 2557 prosternunt.
2650 2487 2755 2543 Sed
2805 2502 2994 2543 eorum
3041 2497 3253 2547 atroces
3298 2489 3517 2560 plurimi

1922 2586 2110 2648 postea
2140 2593 2169 2633 a
2196 2579 2411 2634 Juliano
2438 2578 2693 2650 praefecto
2724 2581 2979 2637 exstincti
3005 2590 3150 2637 sunt.

1997 2692 2420 2763 Quadragesimo
2462 2693 2677 2763 imperii
2718 2695 2801 2750 sui
2846 2694 3028 2750 anno'
3057 2698 3149 2765 (A.
3174 2694 3313 2767 566)
3340 2695 3513 2753 Justi-

1926 2782 2120 2838 nianus
2148 2783 2275 2837 vita
2304 2784 2537 2852 suscepit
2560 2784 2721 2839 linem
2753 2784 3045 2842 indictione
3066 2802 3162 2842 xv.

1997 2897 2353 2965 Theodorus,
2403 2897 2852 2955 Cabarsusitanus
2915 2901 3201 2971 cpiscopus
3253 2901 3513 2959 defensor

1926 2989 2091 3044 trium
2138 2988 2522 3060 Capitulorum,
2587 2990 2782 3047 exsilio
2838 2991 2906 3048 ad
2959 2993 3146 3050 urbem
3194 2995 3397 3067 regiam
3451 3009 3521 3051 eo

1929 3071 2116 3139 mense
2138 3089 2194 3139 et
2214 3082 2301 3139 die
2323 3097 2429 3154 quo
2451 3083 2805 3151 Justinianus,
2831 3085 3089 3153 moritur;
3116 3094 3173 3144 et
3192 3087 3345 3157 juxta
3369 3101 3521 3153 ,con-

1931 3174 2163 3231 fessores
2207 3173 2400 3245 quibus
2430 3174 2728 3246 Ugnericus
2774 3175 3134 3234 Vandalorum
3184 3191 3279 3235 rex
3308 3178 3522 3249 linguas

1851 3250 1903 3313 α
1931 3266 2260 3336 absciderat,
2283 3266 2560 3338 sepelitur.

2004 3398 2247 3468 Justinus
2297 3398 2486 3456 Junior
2513 3396 2815 3468 Vigilantia
2854 3399 3055 3455 sororis
3082 3397 3366 3456 Justiniani
3414 3399 3523 3457 Au-

1928 3493 2077 3566 gusti
2108 3493 2270 3560 lilius,
2300 3502 2454 3563 patre
2487 3492 2809 3551 Dulcissimo
2844 3501 3025 3560 natus,
3066 3508 3190 3550 cum
3221 3493 3526 3564 tranquilli-

1928 3593 2045 3643 tate
2071 3587 2256 3658 populi
2285 3600 2477 3658 magna
2500 3585 2714 3656 imperii
2750 3586 2914 3643 sumit
2938 3594 3171 3657 sceptra.
3207 3585 3375 3657 Hujus
3394 3599 3522 3643 con-

1936 3679 2031 3751 jux
2053 3679 2254 3750 SOphia
2286 3678 2583 3736 Theodore:
2616 3678 2870 3750 Augusta
2908 3678 3084 3749 neptis
3112 3678 3392 3736 asseritur.

2012 3816 2348 3888 Colliguntur
2376 3829 2566 3872 omnes
2595 3815 2723 3870 anni
2761 3815 2830 3871 ab
2858 3813 3029 3870 Adam
3069 3814 3244 3885 primo
3284 3811 3525 3879 homine,

1941 3924 2109 3982 usque
2139 3909 2206 3965 ad
2253 3908 2585 3966 nativitatem
2625 3907 2690 3962 D.
2720 3906 2785 3962 N.
2817 3908 2946 3964 Jesu
2994 3906 3197 3963 Christi
3234 3903 3530 3962 secundum

1940 4018 2182 4073 carnem,
2235 4017 2355 4073 qua
2386 4002 2527 4058 facta
2559 4009 2643 4059 est
2688 4016 2948 4057 vucxcrx.
2994 4001 3040 4057 A
3073 4000 3361 4057 nativitate
3400 4012 3533 4056 vero

1943 4096 2010 4151 D.
2060 4094 2125 4149 N.
2178 4092 2305 4148 Jesu
2356 4092 2604 4159 Christi,
2648 4107 2766 4161 qua
2810 4092 2950 4147 facta
2999 4099 3083 4148 est
3108 4107 3251 4161 ⁸ιωιι
3304 4091 3533 4163 Augusﬁ

1943 4182 2223 4242 Octaviani
2272 4181 2501 4237 Caesaris
2549 4182 2761 4253 imperii
2801 4196 2966 4250 anno,
3019 4196 3191 4253 usque
3229 4183 3285 4238 in
3328 4196 3532 4238 annum

1942 4275 2135 4334 Justini
2164 4272 2398 4345 primum
2428 4271 2684 4345 principis
2729 4271 2914 4341 Rom.,
2962 4274 3052 4342 qui
3081 4273 3384 4328 Justiniano
3431 4273 3533 4327 im-

1944 4370 2096 4441 perio
2134 4366 2415 4434 successit,
2448 4365 2573 4420 anni
2603 4380 2802 4419 oxxvn.
2831 4363 2991 4419 Fiunt
3036 4364 3195 4419 simul
3233 4363 3301 4418 ab
3332 4363 3530 4431 Adam,

1556 4479 1572 4517 :
1625 4460 1840 4534 prefuit
1862 4444 1918 4508 Β
1946 4477 2113 4531 usque
2141 4460 2196 4515 in
2226 4474 2426 4514 annum
2462 4456 2697 4529 primum
2748 4456 3031 4513 memorati
3074 4457 3333 4528 principis
3365 4455 3525 4514 Rom.

1944 4553 2070 4609 anni
2102 4563 2432 4608 vunccexvt.

1946 4724 2071 4783 pag.
2103 4707 2235 4783 252,
2269 4706 2360 4778 qui
2405 4714 2592 4763 contra
2621 4704 3218 4783 Pagium_annum_565
3246 4706 3533 4783 Justiniani

1948 4778 2300 4838 emortualem
2331 4786 2655 4837 statuentcm
2692 4778 2897 4836 evincit
2927 4781 3195 4838 exstitisse
3223 4794 3419 4835 annum
3449 4779 3534 4836 in-

1945 4860 2263 4925 sequentem
2286 4850 2415 4909 566.

1054 5165 1814 5218 p======

1938 5150 2732 5214 =========ﬁ,
3406 5162 3468 5199 ,δ

3575 5148 3587 5182 ι

3574 5185 3601 5233 ξ»,

3576 5242 3607 5308 Ls.
