4010 6358
533 340 632 397 067

1083 336 1470 396 LIBERATUS
1507 333 1870 393 DIACONUS.
1913 328 2286 389 PREFATIO
2323 334 2415 390 AD
2453 333 2881 392 BREVIARIUM
2921 330 3263 390 LIBERATI.

3718 328 3842 383 953

532 449 821 507 emendare
848 450 993 518 prius
1022 459 1262 520 oporteat
1287 463 1441 519 quam
1473 444 2109 520 utiliterulaudare‘iPrae-
2137 446 2192 506 Α
2217 454 2295 520 t_e_r
2332 461 2399 520 ex
2437 449 2570 504 actis
2609 449 2819 504 concilii
2865 457 2974 502 tum
2997 444 3269 520 rEpliesini
3310 430 3677 520 latrocinalis,
3717 451 3841 497 tum

534 525 776 577 termitto
798 516 899 577 alia
930 516 1086 591 longe
1111 520 1261 590 plura
1288 516 1525 588 ejusdem
1555 518 1780 591 catalogi
1802 516 2022 591 ﬂagitia.

606 592 773 649 XXII.
798 594 981 662 Neque
1001 588 1128 646 vero
1152 591 1451 646 accuratior
1473 588 1969 662 estinprmsulibus
1992 588 2115 662 Hie-

538 731 797 806 produco,
829 735 920 789 sed
952 732 1401 806 efficacissimum,
1431 747 1535 806 quo
1564 731 1617 785 in
1651 731 1808 806 trium
1841 731 2118 806 episcopo-

538 801 677 871 rum,
709 801 947 869 Joannis,
984 803 1197 873 Praylii,
1229 802 1519 868 Iuvenalis,
1553 801 1705 856 annis
1750 801 2119 873 computandis

539 877 851 947 gravissime
880 880 1125 947 quartum
1158 884 1433 947 peccatur.
1457 873 1677 947 Constat
1713 880 1873 947 certa_
1908 872 2119 947 ratione

541 942 839 1014 temporum
881 946 1021 1000 inter
1057 942 1277 1000 Joannis
1322 945 1710 1014 ordinationem
1754 951 1810 996 et
1849 942 2122 1014 Juvenalis

541 1012 739 1071 obitum
768 1015 986 1070 fluxisse
1015 1029 1183 1068 annos
1205 1031 1365 1068 unum
1396 1024 1449 1069 et
1477 1013 1829 1084 septuaginta,
1858 1012 2119 1080 siquidem

542 1088 771 1156 Cyrillus
799 1086 1029 1141 decessit
1056 1086 1246 1139 Joanni
1278 1102 1403 1139 ann.
1428 1086 1552 1151 586,
1581 1085 1849 1156 Juvcualis
1890 1085 2120 1138 Anasta-

542 1154 623 1212 sio
651 1172 776 1211 anu.
804 1156 931 1211 457.
965 1157 1293 1225 Nicephorus
1336 1157 1554 1211 fluxisse
1600 1154 1762 1225 tradit
1801 1162 2027 1225 quatuor
2069 1163 2125 1209 et

542 1228 1053 1299 septuaginta.fﬂoc
1094 1224 1327 1299 primum
1374 1238 1674 1299 peccatum.
1702 1224 1891 1299 Joanni
1938 1226 2125 1299 tribuit

547 1296 716 1353 annos
739 1296 759 1299 ⁷
782 1298 1000 1353 omnino
1060 1296 1387 1368 quindecim
1424 1312 1544 1351 cum
1611 1297 1825 1367 triginta
1857 1296 2081 1368 sederit
2106 1338 2124 1365 ,

545 1369 827 1425 defunctus
882 1370 1023 1424 enim
1078 1366 1162 1423 est
1216 1383 1355 1423 anno
1418 1369 1564 1433 417,
1610 1375 1671 1421 ut
1726 1383 1789 1421 ex
1840 1366 2123 1436 Augustini

546 1440 851 1509 Zosimique
893 1440 1083 1494 litteris
1119 1449 1360 1508 apertum
1404 1448 1511 1506 est,
1538 1447 1591 1509 et
1618 1437 1820 1509 Cyrillo
1846 1439 2125 1505 successit,

2217 514 2667 575 Chalcedonensis
2691 519 3005 574 oecumenici
3029 512 3326 585 depositum
3353 514 3521 570 fuisse
3543 512 3839 585 Domuum

2219 601 2347 642 ann.
2378 589 2503 650 449.
2534 606 2721 647 mense
2764 593 3004 650 Augusto
3057 608 3069 642 :

534 660 932 735 rosolymitanis
960 677 1115 735 quam
1140 663 1227 735 in»
1254 661 1526 716 Romanis.
1556 660 1778 735 Unicum
1811 660 2115 735 exemplum
2219 661 2691 735 gressu_.lo_annis,
2724 662 2811 735 qui

3122 589 3385 642 ﬂuxerunt
3427 585 3597 655 igitur
3625 583 3708 638 ab
3746 584 3835 638 in-

2899 660 3127 716 heodoto
3169 658 3447 722 successit,
3478 656 3551 711 ad
3606 656 3840 723 ingres.

2220 724 2350 802 sum,
2387 731 2623 795 Maximi,
2655 724 2755 802 qui
2793 731 3049 788 suffectus
3088 731 3332 802 Domn'o,
3357 729 3479 802 anni
3514 724 3651 802 dtio_
3673 736 3737 780 et
3766 727 3841 802 vi:

2222 801 2381 880 giuti,
2401 812 2647 858 numerat
2670 798 2999 880 Nicephorus
3012 816 3118 880 sex
3148 810 3202 856 et
3230 799 3436 871 viginti,
3462 813 3593 853 nam
3622 798 3838 880 δρεηηί

2225 872 2412 927 tribuit
2454 889 2623 929 annos
2667 874 2982 939 octodecim,
3010 873 3216 927 Domno
3262 880 3423 926 octo:
3465 884 3535 925 ea
3583 872 3837 933 ratione,

2261 942 2366 996 uod
2405 942 2658 1013 flagitium
2702 945 2970 1014 prioribus
3016 943 3307 1009 enormius,
3362 940 3631 1014 dicendus
3687 950 3841 993 esset

2257 1027 2457 1067 oanncs
2482 1012 2678 1070 sedem
2704 1012 3113 1071 ’Antiochcnam
3159 1015 3393 1069 tenuisse
3441 1012 3707 1081 adusque
3744 1025 3838 1064 an-

2226 1098 2351 1138 num
2381 1083 2510 1153 445,
2540 1086 2777 1140 Domnus
2806 1086 2871 1139 ad
2902 1100 3098 1140 annum
3128 1086 3255 1152 455,
3287 1098 3392 1154 quo
3440 1079 3834 1154 nihil'adver-

2225 1154 2430 1233 santius
2457 1171 2593 1233 v_ero_
2628 1174 2641 1213 :
2684 1173 2806 1233 nam
2847 1157 3102 1233 Maximus
3132 1153 3634 1233 Donino__sutl'ectus
3666 1153 3832 1233 inter-

2226 1223 2324 1279 fuit
2362 1224 2795 1303 Chaiced'onensi
2832 1228 3060 1303 concilio
3105 1240 3244 1303 auno
3289 1226 3433 1303 451,
3464 1235 3538 1303 ut_
3580 1238 3649 1277 ex

2227 1304 2457 1353 constat.
2487 1299 2726 1353 Domnus
2756 1299 2953 1367 Epuesi
2981 1298 3252 1366 depositus
3292 1305 3374 1351 est
3421 1295 3473 1349 in
3522 1295 3827 1349 latrocinali

2227 1368 2433 1439 synodo
2454 1382 2580 1424 ann.
2605 1369 2732 1436 M9,
2760 1384 2946 1425 mense
2976 1368 3231 1439 Augusto,
3254 1369 3396 1439 quod
3427 1375 3589 1437 gesta
3614 1367 3821 1419 docent.

2304 1438 2538 1495 Domnus
2576 1441 2719 1494 enim
2758 1438 3104 1495 Antiochena:
3134 1438 3387 1495 Ecclesia:
3434 1444 3681 1507 przeerat
3708 1451 3821 1489 anc.

528 1506 1278 1582 cujusmortemucoutigisse
1306 1525 1445 1563 anno
1474 1512 1505 1562 8
1535 1506 1820 1582 Theodosii
1850 1509 1945 1582 DL,
1970 1508 2130 1582 idest
2228 1506 2495 1582 {MLquo
2521 1525 2662 1565 anno
2687 1510 2915 1582 Cyrillus
2948 1510 3101 1578 obiit,
3125 1520 3185 1565 ut
3206 1525 3271 1566 ex
3304 1506 3638 1580 fragmentis
3671 1523 3701 1561 a
3730 1507 3824 1561 M2-

548 1578 674 1638 an‘n.
703 1581 826 1648 336,
852 1581 1017 1636 tradit
1038 1578 1411 1650 Hieronymus,
1435 1594 1551 1650 cap.
1582 1579 1647 1633 i9
1674 1578 1741 1633 de
1769 1578 2130 1651 Scriptoribus
2230 1578 2644 1651 rio_Mercatore
2674 1578 2941 1649 excerptis
2963 1592 3203 1651 apertum
3230 1589 3331 1636 est.

548 1652 944 1709 ecclesiasticis.
976 1651 1118 1706 Istud
1156 1649 1468 1705 secundum.
1497 1651 1731 1705 Tertium
1770 1649 1929 1719 longe
1966 1651 2130 1707 mira-

551 1724 730 1788 bilius,
758 1725 803 1778 si
847 1738 954 1777 non
994 1722 1297 1789 absurdius,
1330 1722 1513 1776 tribuit
1554 1721 1787 1790 Praylio,
1815 1721 1903 1789 qui
1936 1723 2129 1777 Joanni

2303 1649 2604 1723 Quinetiam
2634 1667 2662 1705 a
2686 1648 2886 1723 Cyrillo
2912 1648 3115 1721 accepit
3143 1653 3344 1708 litteras
3372 1651 3445 1706 de
3471 1648 3823 1723 gausauAtlm-

2233 1723 2364 1794 nasii
2393 1719 2784 1794 Perrhenoru'm
2810 1719 3067 1794 episcopi,
3089 1724 3294 1793 accepit
3318 1731 3371 1794 et
3404 1720 3821 1794 aTheodoreto,

550 1794 830 1885 successit,
858 1806 1026 1848 annos
1049 1792 1254 1885 vigiuti,
1284 1802 1571 1885 q‘uuyqactt‘o
1596 1791 1800 1885 sedisse
1836 1793 1940 1847 dici
1969 1794 2129 1850 debet
2159 1822 2207 1885 Β
2233 1794 2300 1885 de
2321 1793 2638 1885 Guzlestiaco
2665 1791 3137 1885 nobili'7Afro:ann.
3162 1791 3293 1850 442.
3317 1793 3458 1860 Quid
3478 1793 3637 1885 quod
3667 1793 3825 1875 Thea-

551 1866 618 1920 ad
649 1880 847 1919 annum
879 1878 1046 1932 usque
1090 1862 1194 1933 456
1240 1872 1332 1916 aut
1360 1863 1486 1918 457.
1509 1862 1645 1930 Quid
1675 1870 1851 1917 autem
1885 1878 2125 1933 pugnari-

554 1937 659 1991 tius
683 1943 804 1990 'cum
836 1934 1095 1989 historia?
1124 1932 1252 1988 Nam
1283 1933 1574 1997 Iuvenalis,
1600 1933 1690 2002 qui
1721 1932 1989 2003 Prayliurn
2034 1950 2132 1990 cx-

554 2008 718 2076 cepit,
746 2006 987 2060 interfuit
1017 2004 1299 2076 Ephesinae
1329 2006 1533 2075 synodo
1560 2020 1685 2058 ann.
1714 2006 1838 2071 451,
1867 2007 2072 2076 accepit
2104 2023 2132 2062 a

552 2075 751 2132 sanctis
776 2076 1152 2147 leestinuet
1179 2075 1379 2145 Cyrillo
1417 2077 1621 2130 litteras
1663 2091 1789 2130 ann.
1824 2075 2136 2147 450,,rege-

555 2148 647 2202 bat
688 2147 982 2202 Ecclesiam
1031 2145 1564 2217 Hierosolymitanam
1611 2162 1717 2216 quo
1763 2162 1903 2202 anno
1942 2145 2134 2204 defun-

554 2227 698 2273 ctum
725 2218 1055 2274 Theodotum
1084 2216 1242 2271 tradit
1262 2218 1648 2281 Theodoretus,
1668 2218 1719 2272 id
1741 2227 1842 2284 est,
1862 2235 1986 2273 ann.
2007 2221 2133 2285 427,

560 2292 693 2359 imo,
724 2299 784 2344 ut
822 2304 944 2344 mox
985 2289 1314 2360 ostendetur,
1342 2289 1703 2358 episcopatum
1751 2304 1938 2358 gerere
1976 2294 2138 2360 cmpit

558 2357 700 2415 anno
725 2360 833 2414 424
878 2378 890 2413 :
941 2369 1100 2427 atque
1136 2359 1210 2411 ita
1240 2357 1481 2429 Praylius
1504 2357 1591 2413 vix
1617 2357 1784 2413 annos
1813 2369 1935 2415 octo
1964 2357 2138 2418 eccle—

558 2432 691 2486 siam
721 2430 1260 2500 Hierosolymitanam
1306 2432 1463 2500 rexit.
1498 2431 1753 2495 Quartum
1803 2445 1898 2499 par
1948 2434 2137 2500 priori-

561 2445 691 2486 Stam
725 2445 968 2485 merosor
1009 2445 1260 2482 muanam
1306 2445 1463 2483 rexit.
1498 2445 1753 2495 quartum
1803 2445 1898 2499 par
1948 2448 2137 2500 priori-

561 2503 681 2556 bus.
712 2499 921 2555 Tribuit
946 2445 1273 2568 l‘ficephorus
1303 2499 1544 2555 Juvenali
1573 2515 1741 2554 annos
1771 2509 1894 2555 octo
1938 2514 1992 2557 et
2038 2506 2137 2559 tri-

558 2572 726 2641 ginta,
749 2586 849 2640 qua
878 2571 1083 2626 ratione
1111 2569 1331 2625 deberet
1357 2572 1462 2625 dici
1493 2572 1602 2626 fato
1626 2573 1836 2627 functus
1862 2587 1985 2628 ann.
2011 2576 2136 2641 462,

561 2642 823 2713 siquidem
852 2642 1041 2697 sedere
1067 2642 1229 2710 coepit
1254 2656 1377 2695 ann.
1406 2643 1517 2697 424
1541 2661 1553 2697 :
1582 2644 1724 2713 atqui
1752 2643 2032 2699 defunctus
2057 2656 2141 2703 est

562 2728 691 2768 ann.
725 2714 853 2785 457,
886 2713 1149 2785 siquidem
1175 2727 1344 2785 anuus
1371 2722 1589 2768 octavus
1618 2715 1908 2783 Anastasii,
1932 2718 2021 2785 qui
2048 2719 2142 2773 Ju-

561 2784 737 2859 venalui
762 2782 1326 2859 successit,_coincidit
1352 2800 1470 2838 cum
1504 2800 1646 2859 nono
1677 2785 1867 2859 Leonis
1893 2782 1928 2842 ’l
1951 2782 2140 2859 impe-

559 2855 773 2921 ratoris,
804 2863 965 2925 atque
999 2854 1133 2908 adeo
1161 2868 1282 2925 cum
1327 2871 1465 2909 anno
1493 2856 1688 2911 Christi
1732 2858 1859 2922 465,
1885 2868 1946 2913 ιιι
1972 2854 2141 2916 mani-

562 2923 995 3065 gasiecolligitur
1039 2940 1106 2980 ex
1151 2923 1350 2994 Cyrillo
1399 2927 1659 2983 monacho
1704 2929 1756 2983 in
1803 2928 1924 2984 Vita
1971 2931 2139 2988 sancti

616 3011 818 3051 uiriact.

616 3011 818 3051 umacr.

633 3066 815 3122 XXIII.
842 3067 919 3123 De
951 3066 1323 3123 Alexandrinis
1346 3069 1470 3138 quid
1499 3069 1710 3125 dicam?
1751 3085 1810 3126 ea
1858 3074 2141 3129 commini-

563 3138 734 3194 scitur
761 3153 880 3209 qua:
909 3152 1069 3194 nemo
1095 3139 1435 3194 mediocriter
1469 3143 1669 3209 peritus
1700 3143 1935 3199 historiae
1972 3147 2146 3202 eccle-

2233 1863 2470 1935 doretus,
2495 1880 2601 1935 quo
2631 1880 2786 1921 nemo
2814 1864 3036 1921 Joannis
3063 1880 3230 1920 annos
3255 1878 3353 1934 pro
3384 1864 3634 1918 amicitia
3658 1865 3823 1933 singu-

2233 1933 2331 1989 lari
2377 1945 2429 1989 et
2467 1933 2714 1991 familiari
2760 1950 2859 1991 usu
2905 1940 3053 1992 novit
3096 1933 3315 2004 certius,
3345 1936 3528 2004 ipsum
3579 1935 3823 1989 tredecim

2235 2019 2404 2060 annos
2433 2014 2636 2061 tantum
2663 2006 2866 2063 sedisse
2893 2008 3221 2064 demonstrat
3243 2010 3296 2063 in
3320 2007 3558 2076 epistola
3586 2007 3657 2061 ad
3689 2007 3824 2061 Dios-

2234 2090 2415 2147 corum
2445 2076 2630 2147 Cyrilli
2664 2092 3050 2134 successorem.

2307 2146 2473 2203 XXV.
2505 2148 2609 2205 Sed
2640 2149 2832 2204 mirum
2862 2162 3115 2217 quantum
3164 2151 3217 2206 in
3263 2165 3485 2207 suorum
3534 2150 3706 2205 etiam
3747 2150 3827 2204 ἀε-

2236 2232 2517 2275 cessorum
2547 2220 2919 2292 computandis
2964 2224 3117 2277 annis
3156 2222 3415 2292 deceptus
3444 2230 3557 2276 est.
3602 2221 3826 2287 Constat,

2237 2305 2304 2363 ex
2351 2292 2481 2346 actis
2510 2290 2723 2363 concilii
2767 2292 3044 2361 Ephesini,
3077 2290 3374 2363 depositum
3423 2294 3603 2349 fuisse
3648 2294 3823 2348 Nesto-

2237 2362 2527 2433 riumuann.
2554 2362 2677 2429 451,
2703 2378 2884 2420 mense
2913 2365 3102 2429 Iunio;
3134 2374 3337 2420 constat
3370 2367 3583 2433 pariter
3611 2380 3673 2419 ex
3701 2365 3821 2419 litte-

2238 2432 2316 2506 ris
2351 2432 2527 2506 Vigilii
2571 2448 2719 2502 papae
2758 2442 2812 2490 et
2857 2437 3195 2492 confessione
3232 2432 3483 2506 Eutychii
3529 2436 3812 2491 defunctum

2241 2502 2409 2576 fuisse
2428 2502 2683 2576 ’Mennam
2711 2520 2837 2561 ann.
2861 2506 2986 2562 552.
3017 2502 3373 2563 lnduhitatum
3423 2522 3563 2576 ergo
3592 2519 3665 2561 est
3688 2508 3813 2561 inter

2208 2573 2472 2630 ,Nestorii
2520 2575 2909 2645 depositionem
2954 2587 3006 2634 et
3043 2579 3243 2633 obitum
3293 2573 3514 2634 Henna?
3569 2578 3823 2633 effluxisse

2242 2660 2411 2720 annos
2440 2656 2654 2720 centum
2683 2664 2847 2704 unum
2877 2658 2931 2705 et
2960 2651 3166 2720 viginti.
3196 2649 3457 2705 Numerat
3483 2658 3665 2704 tamen
3689 2649 3827 2703 Nice-

2242 2717 2446 2787 pliorus
2476 2719 2737 2792 duntaxat
2766 2730 2979 2777 centum
3009 2717 3063 2776 et
3092 2720 3299 2790 decem,
3328 2731 3489 2792 atque
3538 2722 3614 2774 ita
3654 2730 3829 2790 peccat

2242 2803 2506 2845 annorum
2534 2789 2780 2847 undecim
2812 2792 3025 2848 defectu
3067 2812 3078 2845 :
3121 2793 3318 2849 deinde
3349 2789 3605 2847 Proclum
3634 2789 3830 2846 sedisse

2244 2860 2430 2916 scribit
2466 2876 2635 2917 annos
2678 2863 2982 2931 duodecim,
3010 2872 3063 2918 et
3091 2872 3200 2919 tres
3240 2878 3481 2925 menses;
3510 2872 3725 2918 certum
3755 2871 3834 2917 est

2245 2932 2589 2988 nihilominus
2632 2933 2838 2990 sedisse
2880 2949 3053 2990 annos
3098 2935 3372 2998 tredecim.
3408 2947 3625 2989 menses
3665 2948 3763 2988 sex
3810 2949 3829 2988 :

2245 3016 2369 3077 nam
2412 3005 2688 3077 ordinatus
2708 3015 2801 3077 est
2829 3020 2891 3061 ea
2923 3005 3035 3075 ipsa
3064 3006 3149 3068 die
3178 3022 3285 3077 qua
3317 3004 3655 3077 Maximianus
3684 3019 3717 3059 e
3744 3006 3831 3077 vi-

2247 3074 2327 3129 vis
2376 3075 2647 3142 excessit,
2696 3076 2830 3132 feria
2868 3077 2902 3133 5
2946 3074 3164 3145 majoris
3196 3074 3211 3077 “
3236 3076 3614 3141 hebdomadas,
3656 3076 3837 3145 pridie

2248 3145 2370 3217 idus
2404 3147 2619 3215 Aprilis,
2644 3149 2731 3217 qui
2763 3148 3040 3204 character
3068 3148 3195 3203 anni
3227 3146 3332 3203 434
3362 3148 3610 3203 transivit
3638 3156 3695 3201 et
3722 3148 3834 3216 ipse

564 3209 801 3267 siasticm
845 3210 1109 3289 patienter
1153 3209 1658 3289 legatulndubitatis
1692 3216 1985 3289 rationibus
2013 3232 2143 3275 con-
2170 3218 2219 3283 C
2251 3215 2318 3272 ad
2347 3209 2570 3288 superos
2597 3209 2685 3274 die
2706 3218 2775 3273 24
2802 3218 3047 3275 Octobris
3074 3233 3201 3276 ann.
3229 3220 3357 3276 447.
3382 3217 3538 3275 Sedit
3565 3218 3728 3289 igitur
3746 3209 3832 3275 an-

563 3289 671 3336 stat
710 3280 1030 3353 successisse
1073 3287 1259 3353 sancto
1296 3281 1496 3353 Cyrillo
1539 3283 1790 3340 defuncto
1829 3287 2143 3344 Dioscorum

565 3368 695 3408 anu.
729 3353 853 3418 ΔΜ,
880 3351 1029 3405 Zoilo
1073 3351 1723 3422 deposito,‘Apollinarem
1754 3373 1879 3412 ann.
1906 3359 2032 3416 551.
2062 3360 2148 3414 Ιιι-

567 3423 923 3494 terfluxerunt
944 3423 1101 3494 igitur
1120 3424 1242 3477 anni
1268 3424 1436 3479 ferme
1462 3436 1662 3494 septem
1688 3436 1742 3482 et
1766 3438 1979 3484 centum
2009 3431 2148 3488 inter

568 3493 1242 3571 ordinationemnpioscori
1279 3506 1333 3551 et
1371 3493 1761 3571 ordinationem
1791 3500 2145 3571 Apollinaris;

567 3565 721 3634 ponit
748 3574 923 3619 autem
952 3563 1280 3637 Nicephorus
1308 3567 1575 3637 octoginta
1604 3577 1806 3624 tantum
1840 3563 1860 3626 Ξ
1896 3563 2149 3630 deficiunt

568 3637 729 3706 igitur
769 3644 974 3705 septem
1001 3645 1056 3707 et
1079 3636 1269 3707 viginti
1312 3638 1464 3703 anni;
1498 3654 1667 3707 neque
1700 3642 1976 3698 medeatur
2002 3645 2148 3703 defe-

570 3708 680 3785 c_t_ui
729 3717 903 3785 tanto,
953 3706 1043 3785 qui
1088 3706 1347 3785 addiderit
1394 3706 1983 3785 annosiseptemdecim
2015 3732 2149 3785 quos

568 3777 656 3851 alii
690 3776 927 3851 tribuunt
956 3776 1237 3851 Timotheo
1277 3780 1509 3843 Asterie,
1539 3776 1794 3851 cujusque
1836 3785 1991 3841 sedes
2031 3776 2151 3843 hul-

569 3847 677 3902 lum
710 3846 896 3919 habuit
929 3863 960 3901 a
990 3844 1292 3919 Nicephorn
1317 3844 1643 3919 assignatum
1668 3844 1925 3910 annorum
1957 3872 2149 3916 nume-

572 3932 688 3989 rum
720 3934 732 3969 :
758 3918 982 3989 deerunt
1002 3919 1143 3989 enim
1170 3918 1345 3972 adhuc
1371 3918 1497 3973 anui
1519 3922 1687 3979 ferme
1717 3923 1921 3980 decem.
1948 3926 2152 3989 Deinde

572 3986 826 4071 Dioscoro
862 3986 1191 4071 Nicephorus
1238 3990 1422 4071 tribuit
1450 4007 1633 4071 anuus
1650 3996 1882 4071 quinque
1922 3986 2150 4071 tantum,

573 4072 694 4143 cum
730 4066 905 4143 tamen
936 4056 1223 4143 ordinuius
1253 4059 1324 4143 sit
1351 4061 1499 4117 initio
1543 4056 1828 4143 Februarii
1866 4084 1989 4126 ann.
2022 4056 2149 4143 444,

572 4128 845 4203 depositus
873 4137 1050 4203 autem
1089 4130 1432 4203 Chalcedone
1468 4150 1594 4189 ann.
1626 4138 1752 4203 451,
1780 4140 1865 4195 die
1904 4142 1965 4197 ιδ
1994 4128 2153 4200 ccidi

571 4200 714 4264 bris;
744 4209 904 4271 atque
933 4202 1002 4256 ita
1031 4201 1229 4257 sederit
1259 4218 1427 4259 annos
1462 4206 1628 4263 ferme
1655 4200 1799 4265 octo.
1834 4212 2041 4268 Tribuit
2062 4217 2152 4271 Ti-

572 4273 1200 4354 niotlieo_§alopliaciolo
1228 4277 1340 4354 sive
1371 4275 1500 4354 ulbo
1529 4293 1696 4335 annos
1714 4282 1978 4354 duntaxat
2000 4288 2154 4354 quin-

570 4342 774 4414 decim,
794 4341 1073 4400 Liberatus
1098 4344 1335 4414 ejusdem
1366 4347 1533 4403 ferme
1562 4365 1681 4405 cum
1712 4352 1992 4410 Timotheo
2016 4341 2151 4412 atta-

574 4413 645 4486 tis
683 4412 991 4471 defunctum
1039 4412 1202 4470 tradit
1251 4419 1589 4486 pontificatus
1637 4438 1761 4478 ann.
1809 4424 1899 4479 25.
1948 4426 2155 4485 Tribuit

573 4484 776 4567 Gaiano
805 4501 1002 4567 annum
1026 4502 1218 4567 unum;
1248 4484 1527 4567 Liberatus
1561 4501 1668 4567 tres
1694 4503 1749 4549 et
1776 4504 1988 4551 centum
2016 4484 2152 4567 dies,

576 4555 659 4633 uel
704 4563 762 4633 ut
804 4556 907 4633 alia
951 4558 1108 4611 lectio
1141 4556 1271 4633 fert,
1308 4560 1423 4633 dies
1465 4566 1735 4633 sexaginta
1781 4574 1911 4623 tres.
1943 4555 2151 4625 Tribuit

574 4623 880 4681 Theodosio
923 4642 1091 4683 annos
1124 4612 1287 4694 duos';
1316 4612 2151 4697 ‘L'ibeiéi‘i§'5§ndiﬁ'hﬁtiiﬁ"éi
2174 4612 2230 4676 Β

574 4709 785 4778 menses
809 4708 1035 4766 quatuor
1069 4716 1081 4751 :
1105 4701 1240 4778 quid
1285 4702 1793 4778 reliquaincuriose
1819 4709 2015 4778 scripta
2058 4726 2151 4768 cu-

574 4767 776 4840 riosius
800 4783 1090 4840 prusequar
1105 4767 1366 4825 Ttranseo
1394 4767 1458 4826 ad
1490 4774 1871 4834 Antiochenos.

646 4837 832 4917 XXIV.
860 4837 1074 4917 cerium
1120 4850 1223 4917 es_t,
1254 4850 1473 4917 auctore
1500 4844 1857 4917 Theodoreto,
1886 4850 1976 4907 lib.
2000 4867 2033 4906 ν
2061 4852 2151 4911 Hi-

574 4909 905 4983 storias,_sub
930 4912 1130 4983 finem,
1160 4912 1493 4970 Theodomm
1522 4909 1909 4977 Antiochenam
1953 4909 2152 4983 obiisse

572 4993 702 5063 anu.
744 4980 871 5064 42?,
910 4982 1123 5064 certum
1171 4986 1373 5064 pariter
1414 5001 1479 5041 ex
1526 4986 1756 5064 Evagrio
1800 4980 2185 5064 Euphrasium‘

574 5052 737 5139 ruina
756 5053 901 5139 urbis
923 5054 1169 5139 obrutum
1198 5055 1468 5139 iuteriisse
1489 5072 1615 5139 auri.
1638 5052 1768 5139 526,
1799 5052 1974 5121 die'29
2004 5052 2149 5139 Mai—lt,—

577 5136 698 5210 quae
720 5133 839 5210 erat
857 5123 984 5206 feria
1014 5132 1192 5206 sexta.
1214 5125 1506 5210 Fluxerunt
1529 5130 1686 5201 igitur
1714 5123 2153 5210 inter_utriusque

575 5193 779 5250 obitum
808 5195 949 5280 ‘anni
995 5196 1211 5280 omnino
1252 5193 1794 5280 nonaginla'noyem.
1824 5193 2154 5280 Nicephorus

576 5274 826 5347 numerat
852 5276 1038 5347 scatet
1070 5274 1302 5347 centum,
1333 5284 1453 5347 cum
1486 5273 1759 5347 mensibus
1788 5273 2015 5347 septem.
2039 5282 2153 5338 Iloc

575 5337 821 5415 primum;
850 5336 1126 5415 flagitium,
1155 5336 1296 5415 istud
1324 5342 1572 5415 alterum.
1596 5343 1835 5415 Constat,
1850 5336 1927 5405 ἰιι
1952 5336 2153 5409 dictum

576 5416 683 5491 εει,
707 5407 1021 5491 auctoritate
1049 5408 1373 5491 Th_eodo_reti
1414 5411 1723 5491 indubitata
1744 5407 1843 5474 hac
1882 5420 1935 5476 in
1981 5407 2152 5491 parte:

577 5475 915 5539 Theodotum
934 5480 1229 5540 decessisse
1254 5482 1447 5543 Joanui
1476 5498 1599 5541 ann.
1624 5484 1755 5556 427;
1780 5475 2157 5566 constafpai-il

2251 3304 2353 3344 nos
2383 3289 2635 3345 tredecim
2666 3297 2720 3346 et
2749 3304 2959 3345 menses
2988 3306 3105 3346 sex.

2320 3358 2509 3432 XXVI.
2536 3360 2613 3415 Ex
2640 3360 2722 3415 his
2748 3370 2921 3416 autem
2953 3376 3074 3432 quae
3101 3362 3167 3417 de
3195 3360 3519 3432 Nicephoro,
3535 3361 3650 3417 nisi
3673 3360 3828 3428 fallor,

2249 3430 2529 3504 evidenter
2562 3432 2926 3504 demonstrata
2962 3430 3117 3501 sunt,
3146 3432 3302 3488 facile
3328 3430 3532 3504 cuique
3570 3436 3697 3489 licet
3723 3448 3832 3488 con-

2250 3502 2419 3573 jicere
2467 3502 2593 3573 quid
2641 3504 2709 3558 de
2755 3504 3085 3573 Theophane
3120 3506 3336 3572 sentiat,
3366 3502 3566 3561 eadem
3600 3506 3829 3561 nimirum

2251 3574 2730 3646 quae_i\licephorus
2755 3585 3030 3646 peccante.

2324 3644 2535 3700 XXVII.
2560 3645 2689 3701 Nam
2723 3644 2779 3701 ut
2803 3661 2835 3701 a
2864 3645 3121 3703 Romanis
3146 3647 3467 3717 praesulibus
3496 3647 3693 3705 dicere
3717 3648 3829 3703 inci-

2289 3717 2412 3791 iam,
2442 3716 2653 3791 Zosimo
2684 3717 2867 3791 tribuit
2895 3733 3066 3773 annos
3103 3716 3248 3788 octo,
3282 3720 3575 3775 Bonifacio
3605 3732 3827 3791 quatuor,

2298 3788 2546 3861 celestino
2575 3788 2782 3857 decem,
2815 3790 2965 3845 Sixto
3010 3798 3153 3858 octo,
3181 3806 3285 3859 qua
3328 3793 3549 3846 ratione
3584 3788 3827 3861 oporteret

2254 3858 2461 3914 Sixtum
2509 3860 2802 3917 decessisse
2841 3876 2964 3915 ann.
2997 3864 3122 3929 447,
3152 3858 3507 3917 Cielestinum
3564 3858 3694 3917 ann.
3723 3864 3824 3927 I33,

2254 3928 2580 4004 I_tonifaciur_n
2622 3947 2746 3986 ann.
2779 3934 2905 3999 449,
2935 3934 3207 3988 Zosimum
3246 3948 3372 3987 ann.
3407 3934 3541 3989 49.5.
3581 3935 3825 4004 Siquidem

2253 4000 2495 4075 Zosimus
2535 4002 2844 4075 Innocentio
2873 4006 3136 4061 successit
3166 4020 3290 4059 ann.
3320 4004 3448 4073 417,
3480 4020 3601 4075 quo
3647 4000 3767 4061 nihil
3801 4021 3824 4058 ε

2254 4086 2382 4128 vero
2411 4073 2659 4139 alienius,
2688 4074 2948 4144 siquidem
3001 4076 3111 4131 Leo
3156 4074 3291 4130 Sixti
3336 4073 3635 4132 successor
3667 4079 3823 4133 sedere

2253 4146 2417 4218 ccepit
2445 4159 2571 4198 ann.
2600 4145 2723 4218 μθ.
2751 4148 2913 4218 perte
2951 4148 3165 4215 scripsit
3189 4147 3459 4218 episcopis
3489 4163 3599 4217 per
3627 4150 3827 4218 Campa-

2259 4214 2412 4288 niam,
2433 4230 2558 4269 ann.
2588 4216 2712 4270 445.
2743 4216 2929 4288 Sixtus
2959 4214 3167 4288 scripsit
3195 4214 3389 4274 Joanni
3425 4214 3763 4275 Antiocheno
3782 4227 3825 4272 et

2254 4286 2455 4358 Cyrillo
2484 4301 2611 4342 ann.
2636 4288 2761 4342 455.
2789 4286 3112 4346 Caelestinus
3140 4298 3262 4345 ante
3289 4288 3536 4345 Nestorii
3568 4292 3826 4347 ordinatio-

2255 4372 2400 4431 uem,
2430 4372 2548 4426 quae
2580 4359 2804 4431 contigit
2836 4375 2961 4415 ann.
2989 4361 3118 4427 428,
3146 4376 3251 4415 non
3283 4375 3452 4430 parvo
3492 4371 3734 4431 tempore
3754 4376 3827 4417 sc-

2254 4425 2376 4503 dgm
2400 4425 2754 4503 apostolicam
2775 4433 2959 4503 lenuit.
2990 4425 3297 4487 Bonifacius
3316 4431 3383 4503 ad
3414 4425 3712 4502 episcopos
3730 4431 3832 4487 Gal-

2254 4497 2463 4573 liarum,
2492 4500 2559 4555 de
2589 4499 2818 4557 Maximo
2850 4502 3128 4573 Valentino
3158 4503 3305 4559 dedit
3334 4497 3577 4573 litteras,
3607 4497 3834 4560 Honaxio

2254 4578 2310 4625 et
2334 4570 2511 4639 Plinta
2538 4585 2706 4639 coss.,
2735 4572 2788 4627 id
2818 4583 2899 4628 est
2926 4572 3015 4630 an.
3044 4575 3171 4629 419.

2330 4638 2567 4696 XXVIII.
2604 4638 3021 4713 Deprazsulibus
3048 4644 3577 4715 Hierosolymitanis,
3608 4649 3836 4703 eumdem

2255 4721 2401 4767 errat
2427 4727 2665 4791 erroueui
2693 4730 2812 4791 cuiu
2848 4715 3147 4791 Nicephoro
3178 4734 3191 4791 ς
3225 4731 3348 4791 nam
3382 4716 3585 4791 Joanni
3619 4722 3839 4791 assignat

2255 4797 2425 4859 annos
2452 4785 2746 4859 sexdecim,
2778 4785 2987 4859 Praylio
3012 4787 3218 4859 viginti,
3247 4788 3495 4844 Juvenali
3525 4799 3656 4845 octo
3688 4785 3840 4848 et'tri-

2255 4855 2425 4935 ginta.
2456 4855 2555 4922 Qui
2599 4864 2706 4935 tres
2744 4855 3100 4935 enormissiuji
3137 4855 3553 4935 ἀνῒιχρρςνισμοί.
3589 4862 3840 4917 Eumdem

2256 4926 2456 5004 pariter
2483 4926 2727 5004 errat_d_e
2755 4928 3103 5004 Antiochenis
3134 4926 3471 5004 prtesu'libus,
3500 4941 3677 5004 atque
3703 4937 3841 4988 etiam

2258 4945 2456 4995 pariter
2483 4945 2628 4982 errat
2660 4945 2727 4984 ue
2755 4945 3103 4986 nnuocnems
3171 4945 3471 4998 rresunuus,
3500 4945 3677 5004 atque
3703 4946 3841 4988 etiam

2258 4997 2752 5073 deAlexaudrinis,
2786 5000 2894 5073 imo
2936 5008 2990 5057 et
3027 5000 3093 5057 de
3132 4945 3773 5073 gonstantinopolitanis,
3796 5012 3844 5059 ut

2259 5068 2501 5151 videatur
2527 5068 2811 5152 ῌὶςεριιοιί
2842 5073 3113 5143 catalogus
3150 5088 3215 5131 ex
3258 5068 3537 5131 laterculis
3565 5068 3843 5146 Theopha-

2259 5154 2343 5196 nis
2370 5151 2693 5211 exscriptus.
3218 5154 3221 5155 '
3890 5188 3891 5209 1

2333 5211 2521 5285 XXIX.
2545 5211 2677 5285 Cum
2710 5222 2887 5269 autem
2925 5212 2990 5269 de
3028 5214 3355 5285 Theophane
3402 5232 3491 5272 res
3538 5220 3612 5274 ita
3664 5235 3723 5277 se
3763 5219 3845 5275 ha-

2258 5282 2403 5356 beat,
2421 5282 2633 5356 liquido
2660 5294 2803 5356 patet
2830 5300 2988 5356 quam
3018 5282 3308 5355 prudenter
3332 5288 3510 5344 dictus
3540 5290 3611 5345 sit
3641 5293 3714 5346 ab
3737 5306 3844 5346 eru-

2258 5354 2371 5431 dito
2418 5353 2711 5431 interprete
2759 5353 2957 5431 Goarto
3002 5353 3268 5431 historicus
3313 5360 3661 5429 probabilior,
3706 5376 3844 5431 quam

2258 5425 2572 5503 tolerabilior
2605 5428 3051 5503 chronographus;
3097 5429 3227 5503 nihil
3267 5425 3412 5486 enim
3458 5425 3842 5503 chronologicis

2256 5497 2427 5571 ipsius
2456 5498 2749 5568 laterculis,
2771 5497 2859 5557 aut
2883 5497 3221 5571 incuriosius,
3249 5511 3339 5558 aut
3366 5506 3701 5574 corruptius.

1434 5771 2999 5816 W
